1952 3118
79 925 110 951 10

78 1282 109 1308 1⁶

621 146 971 191 epistularum
1007 145 1182 182 CXLVII.
1579 148 1659 189 311

136 276 281 318 mundi
308 275 430 318 corde
456 275 602 317 uident
623 275 746 316 deum
766 275 807 317 in
829 275 982 329 specie,
1004 289 1129 329 quam
1157 276 1356 319 uoluntas
1384 277 1475 319 eius
1503 277 1667 329 fecerit,

136 348 290 389 latente
322 346 529 388 inuisibili
555 349 598 388 et
630 346 740 400 apud
768 359 811 387 se
846 346 1182 388 incommutabili
1214 350 1407 390 manente
1439 350 1598 389 natura.
1631 347 1668 389 si

137 418 314 471 quaeris,
347 419 490 459 utrum
524 417 664 467 etiam,
705 417 831 458 sicuti
870 419 948 467 est,
982 417 1206 470 aliquando
1245 419 1382 472 possit
1418 418 1567 469 uideri,
1608 431 1666 459 re·

137 488 320 543 spondeo
365 488 463 530 filiis
507 488 586 530 hoc
632 501 725 530 esse
770 488 1041 541 promissum,
1082 489 1131 530 de
1176 489 1329 543 quibus
1376 489 1536 531 dictum
1583 492 1665 531 est:

137 560 346 609 Scimus,
381 560 511 613 quia,
546 572 653 601 cum
687 559 990 612 apparuerit,
1025 559 1220 601 similes
1249 561 1291 602 ei
1325 561 1521 611 erimus,
1555 573 1665 614 quo-

135 631 262 674 niam
301 630 588 672 uidebimus
629 643 751 674 eum,
797 630 953 671 sicuti
992 632 1078 672 est.
1120 631 1155 672 si
1194 631 1374 684 quaeris,
1419 631 1529 672 unde
1570 644 1667 673 eum

135 701 390 753 uidebimus,
416 700 674 755 respondeo:
708 700 817 742 unde
845 700 981 755 angeli
1009 700 1168 751 uident,
1202 701 1356 754 quibus
1383 703 1482 743 tunc
1509 701 1666 744 erimus

135 773 350 827 aequales;
386 772 498 814 sicut
529 772 639 813 enim
673 771 871 812 uidentur
900 771 997 813 ista.
1033 784 1137 825 quae
1171 772 1356 813 nisibilia
1384 772 1666 823 nominantur,

136 844 258 886 deum
293 856 430 885 nemo
471 844 605 885 uidit
644 856 874 896 umquam
912 856 1000 884 nec
1038 843 1209 885 uidere
1253 846 1435 897 potest,
1469 844 1665 897 quoniam

135 915 295 957 lucem
322 915 520 957 habitat
546 914 956 956 inaccessibilem
985 916 1024 955 et
1047 917 1112 956 est
1131 916 1279 956 natura
1299 915 1528 957 inuisibilis
1555 915 1667 957 sicut

133 986 476 1039 incorruptibilis.v
511 999 616 1040 quae
650 986 874 1028 contextim
909 986 1126 1039 apostolus
1165 986 1308 1039 posuit
1347 986 1509 1029 dicens:
1543 987 1664 1041 Regi

135 1059 297 1098 autem
331 1057 647 1099 saeculorum
680 1057 952 1107 inuisibili‚
986 1057 1381 1110 incorruptibili,
1421 1058 1519 1111 quia
1551 1058 1664 1100 sicut

133 1140 241 1170 nunc
284 1128 616 1181 incorruptibilis
661 1140 735 1169 neo
780 1130 926 1181 postea
972 1129 1257 1181 corruptibilis
1298 1128 1359 1170 ita
1402 1142 1481 1170 non
1527 1129 1663 1170 solum

133 1211 241 1241 nunc
274 1200 348 1241 sed
381 1200 507 1241 etiam
535 1212 701 1253 semper
725 1199 969 1241 inuisibilis.
1003 1201 1090 1241 ‘nec
1123 1200 1164 1241 in
1196 1200 1305 1242 loco‘
1337 1200 1447 1241 enim
1481 1200 1666 1241 ‘uidetur

134 1270 206 1312 sed
231 1271 388 1313 mundo
417 1271 540 1313 corde
566 1284 641 1313 nec
669 1271 956 1324 corporalibus
982 1272 1117 1313 oculis
1146 1272 1362 1325 quaeritur
1387 1284 1462 1313 nec
1489 1272 1664 1314 circum-

133 1342 332 1384 scribitur
360 1343 458 1383 uisu
490 1355 565 1384 nec
597 1344 714 1384 tactu
739 1344 907 1383 tenetur
932 1354 1008 1383 neo
1034 1342 1204 1384 auditur
1230 1343 1357 1384 affatu
1384 1355 1459 1384 nec
1486 1343 1667 1384 sentitur

131 1413 327 1456 incessu’.
362 1412 658 1467 unigenitus
686 1414 828 1453 autem
855 1411 1015 1462 filius,
1050 1413 1133 1466 qui
1161 1414 1237 1454 est
1263 1413 1309 1453 in
1344 1412 1454 1453 sinu
1488 1412 1661 1467 patris,

133 1483 303 1526 deitatis
335 1487 527 1525 naturam
560 1486 686 1537 atque
713 1483 998 1525 substantiam
1024 1483 1314 1525 insonabiliter
1337 1487 1476 1525 narrat
1502 1485 1544 1524 et
1567 1483 1663 1525 ideo

133 1554 268 1610 dignis
311 1554 556 1608 idoneisque
601 1556 717 1596 tanto
763 1556 991 1607 conspectu
1037 1554 1171 1596 oculis
1217 1554 1343 1596 etiam
1393 1554 1665 1596 inuisibiliter

132 1628 351 1667 monstrat.
396 1625 478 1679 ipsi
523 1625 633 1666 enim
674 1627 773 1667 sunt
812 1624 936 1674 oculi,
983 1625 1032 1666 de
1079 1625 1231 1679 quibus
1277 1625 1494 1678 apostolus
1540 1625 1661 1667 dicit:

133 1697 464 1739 Inluminatos
506 1697 681 1738 oculos
722 1696 886 1737 cordis
926 1697 1086 1738 uest-ri
1126 1699 1168 1738 et
1206 1696 1256 1738 de
1295 1697 1449 1750 quibus
1488 1697 1660 1738 dicitur:

133 1768 379 1809 Inlumina
431 1769 606 1810 oculos
658 1780 807 1817 meos,
865 1780 921 1808 ne
974 1781 1204 1822 umquam
1259 1767 1565 1810 obdormiam
1614 1768 1661 1809 in

134 1842 302 1881 morte.
343 1838 572 1881 dominus
613 1839 723 1881 enirn
764 1838 975 1893 spiritus
1016 1840 1113 1888 est3
1154 1839 1277 1889 unde,
1311 1838 1393 1893 qui
1426 1838 1663 1880 adhaeret

248 2014 268 2047 5
295 2012 311 2046 1
338 2012 414 2048 1011.
441 2014 472 2050 3,
500 2013 520 2047 2
620 2014 639 2048 7
665 2013 795 2048 Matth.
825 2014 878 2048 18.
909 2014 966 2053 10;
995 2013 1078 2047 Luc.
1105 2012 1162 2049 20.
1191 2014 1234 2047 36
1340 2015 1361 2047 o
1389 2012 1404 2046 1
1432 2012 1522 2046 Tim.
1549 2013 1582 2050 6.
1613 2013 1656 2047 16

133 2071 171 2105 11
199 2071 217 2105 1
242 2071 330 2106 Tim.
359 2073 390 2112 1,
420 2073 461 2106 17
538 2073 676 2106 14-17
705 2089 747 2102 Ξ
775 2085 807 2118 p.
835 2073 916 2111 291,
946 2073 1084 2107 14—16
1163 2072 1204 2105 17
1232 2071 1425 2115 1011.1,1s
1500 2071 1658 2116 21Ερ1ι.

134 2131 164 2174 1,
192 2130 234 2164 18
306 2131 351 2165 22
378 2131 436 2165 P-v.
467 2132 521 2175 12,
547 2133 568 2166 4
642 2133 687 2166 223
714 2131 749 2166 11
777 2131 854 2167 Cor.
882 2132 914 2175 3,
945 2132 1003 2171 17;
1033 2131 1107 2166 1011.
1134 2132 1166 2171 4,
1194 2132 1257 2172 24;
1286 2131 1300 2165 1
1327 2130 1406 2166 cor.
1434 2132 1468 2173 o,
1497 2132 1538 2165 17

182 2213 198 2247 1
225 2213 347 2248 mundi
374 2213 497 2249 cordes
522 2214 554 2249 Τ
572 2215 702 2249 mundo
724 2215 783 2259 (m.
804 2218 823 2249 1
844 2213 863 2249 ,9
881 2226 972 2250 corr.
994 2214 1130 2255 mnndi)
1152 2213 1276 2249 cordes
1302 2214 1332 2248 O
1350 2213 1482 2248 mundo
1504 2212 1608 2248 corde
1626 2213 1662 2247 P

180 2271 355 2306 uidebunt
380 2273 415 2307 P
500 2285 569 2319 qua
595 2274 630 2308 P
715 2275 790 2308 eius
818 2274 958 2319 fecerit]
985 2274 1016 2308 ei
1043 2273 1152 2308 fuerit
1178 2274 1214 2308 P
1284 2274 1305 2307 2
1332 2276 1498 2307 manente
1524 2273 1658 2307 incom-

133 2331 298 2366 mutabili
323 2332 371 2365 M
465 2336 595 2368 natura
621 2336 678 2376 (ω
707 2336 813 2377 eras.)
840 2334 875 2368 P
964 2334 985 2368 3
1012 2334 1126 2378 possit
1153 2332 1347 2377 aliquando
1374 2333 1453 2368 edd.
1544 2332 1565 2366 4
1590 2332 1657 2366 hoc

134 2400 200 2425 om.
225 2390 273 2424 M
366 2392 387 2425 5
414 2392 509 2436 quia]
539 2403 594 2437 qm
622 2393 670 2427 Μ
783 2393 959 2438 apparuit.
989 2404 1031 2427 m.
1058 2396 1099 2427 ut
1124 2393 1200 2427 uid.
1229 2396 1247 2427 1
1273 2403 1364 2427 corr.
1392 2392 1597 2438 apparuerit
1624 2391 1663 2425 F

134 2449 155 2483 9
179 2448 292 2484 uideri
319 2452 351 2484 A
461 2453 596 2496 poterit
623 2452 657 2486 P
773 2454 813 2487 10
841 2452 996 2495 habitat,
1021 2463 1065 2487 m.
1097 2455 1120 2486 3
1146 2452 1327 2486 inhabitat
1354 2451 1387 2485 L
1413 2451 1533 2492 babet,
1560 2462 1604 2486 m.
1634 2453 1659 2484 2

134 2507 274 2543 habitat
302 2510 332 2545 O
407 2511 444 2545 11
475 2515 545 2556 qua
571 2511 607 2545 P
700 2513 823 2556 posuit
850 2512 1032 2556 apostolus
1060 2511 1140 2546 edd.
1238 2511 1413 2556 apostolis
1440 2510 1485 2543 H
1572 2514 1658 2554 post

135 2567 253 2602 dicens
279 2580 352 2603 ras.
383 2572 404 2604 5
432 2570 452 2604 l.
482 2570 523 2605 H
574 2571 615 2605 14
643 2570 801 2615 uidetur]
828 2571 914 2605 deus
942 2570 1086 2605 uidetur
1113 2570 1212 2605 TOL
1237 2581 1303 2611 sec.
1330 2570 1455 2604 Ambr.
1509 2570 1550 2603 15
1577 2568 1655 2613 sed}

136 2626 334 2662 abstersum
361 2629 514 2672 aliquod
539 2630 698 2670 uerbum,
719 2631 816 2674 quod
833 2630 997 2674 ‹liquos-ci
1016 2641 1093 2665 non
1115 2630 1277 2674 amplius
1296 2633 1416 2674 potest
1434 2629 1479 2663 M
1593 2639 1656 2662 nec

137 2685 434 2722 circumscribitur
461 2689 538 2722 uisu
566 2700 629 2723 neo
656 2692 757 2723 tactu
782 2691 928 2723 tenetur
948 2700 1015 2723 om.
1039 2688 1079 2723 H
1130 2690 1171 2724 19
1194 2692 1387 2734 conspectu
1412 2687 1441 2722 Ο
1490 2687 1535 2721 ‘20
1556 2697 1656 2721 mon-

137 2746 240 2790 strat]
268 2750 389 2780 narrat
420 2747 519 2782 TOL
594 2749 634 2782 21
665 2748 911 2783 illuminantes
940 2748 974 2781 P
