1952 3118
674 177 1023 222 epistularum
1062 176 1215 213 CXLIX.
1620 180 1706 221 363

181 305 318 363 εὐχήν.
364 309 574 349 uouentur
618 309 760 348 autem
800 308 952 350 omnia.
989 321 1095 361 quae
1141 308 1371 349 offeruntur
1403 307 1494 351 deo.
1527 308 1705 350 maxime

182 378 316 420 sancti
362 378 504 419 altaris
557 378 728 427 oblatio,
773 391 854 431 quo
902 382 1160 420 sacramento
1206 378 1471 432 praedicatur
1515 383 1705 421 nostrum

180 449 286 491 illud
331 448 561 490 niaximum
614 451 778 498 uotum,
825 462 906 502 quo
952 462 1026 490 nos
1073 449 1273 491 nouimus
1319 449 1359 490 in
1400 449 1568 492 Christo
1615 463 1707 492 esse

182 533 417 570 mansuros,
445 520 592 573 utique
624 520 664 561 in
693 532 895 574 compage
923 520 1109 573 corporis
1133 519 1304 562 Christi.
1339 521 1460 562 cuius
1488 522 1546 562 rei
1574 534 1709 563 sacra-

140 594 371 635 amentum
405 593 483 641 est,
531 590 669 644 quod
713 604 849 632 unus
896 593 1063 644 panis,
1110 604 1266 632 unum
1312 604 1505 645 corpus
1548 593 1708 635 multi

184 675 377 704 sumus.
436 662 530 703 ideo
571 662 610 703 in
646 662 772 704 huius
807 662 1138 704 sanctificatione
1173 666 1214 704 et
1246 663 1559 705 distributionis
1593 677 1710 717 prae·

182 733 396 787 paratione
431 733 623 775 existimo
658 733 899 787 apostolum
930 734 1110 775 iussisse
1144 734 1308 788 proprie
1341 734 1430 775 fieri
1462 737 1707 790 προσευχάς.

182 804 224 845 id
265 806 330 846 est
374 805 582 846 orationes
628 805 711 855 uel,
758 808 806 846 ut
849 805 1036 846 nonnulli
1083 805 1223 847 minus
1269 806 1401 859 perite
1446 806 1711 859 interpretati

184 878 295 923 sunt,
329 875 609 926 adorationes,
643 876 720 917 hoc
755 880 820 918 est
853 877 962 917 enim
997 876 1049 918 ad
1081 879 1246 927 uotum,
1282 877 1394 930 quod
1432 877 1636 918 usitatius
1669 876 1707 917 in

125 964 156 987 ιο
183 947 403 1000 script-uris
449 950 716 1001 nuncupatur
749 943 861 1002 εὐχή.
912 947 1274 1001 interpellationes
1321 950 1462 989 autem
1511 948 1616 999 siue,
1662 950 1710 989 ut

182 1018 316 1059 uestri
350 1018 516 1060 codices
550 1019 718 1070 habent,
752 1019 1061 1072 postulationes
1095 1019 1213 1070 fiunt,
1249 1032 1343 1061 cum
1372 1020 1555 1074 populus
1589 1019 1711 1060 bene-

185 1089 358 1140 dicitur3
414 1093 513 1131 tunc
560 1090 667 1131 enim
709 1090 924 1132 antistites
964 1091 1085 1132 uelut
1119 1091 1315 1132 aduocati
1349 1094 1574 1145 susceptos
1609 1103 1710 1132 suos

185 1173 257 1213 per
289 1173 436 1201 manus
470 1160 768 1213 inpositionem
803 1160 1224 1202 misericordissimae
1271 1161 1452 1202 offerunt
1495 1160 1711 1215 potestati.

186 1231 338 1284 quibus
360 1231 539 1284 peractis
567 1233 609 1272 et
634 1231 885 1285 participato
913 1234 1031 1273 tanto
1060 1234 1320 1274 sacramento
1343 1233 1572 1287 gratiarum
1600 1231 1710 1273 actio

128 1321 157 1344 15
186 1304 337 1343 cuncta
370 1302 597 1351 concludit,
632 1316 758 1356 quam
803 1302 844 1343 in
890 1303 955 1344 his
1002 1303 1130 1344 etiam
1177 1303 1319 1345 uerbis
1365 1303 1560 1344 ultimam
1601 1316 1712 1345 com—

186 1373 404 1415 mendauit
435 1374 669 1427 apostolus.

75 1441 125 1484 17
246 1445 362 1487 Haec
413 1449 554 1487 autem
605 1458 729 1487 causa
782 1446 1009 1500 praecipua
1058 1446 1139 1488 fuit
1188 1446 1271 1488 ista
1316 1445 1495 1494 dicendi,
1547 1448 1595 1487 ut
1646 1445 1711 1487 his

187 1517 374 1558 breuiter
405 1517 639 1571 perstrictis
674 1520 800 1571 atque
840 1517 1089 1572 significatis
1123 1531 1203 1559 non
1236 1519 1457 1571 putaretur
1489 1518 1711 1571 neglcgen-

187 1588 284 1630 dum
319 1602 425 1639 esse,
460 1589 570 1643 quod
599 1589 808 1643 sequitur:
841 1590 938 1631 Pro
973 1589 1222 1631 omnibus
1256 1589 1584 1631 hominibus.
1617 1600 1708 1641 pro

126 1675 162 1701 20
186 1660 409 1714 regibus
439 1663 488 1701 et
515 1661 613 1709 his,
636 1660 727 1714 qui
761 1661 810 1702 in
840 1660 1189 1702 sublimitate
1217 1663 1354 1709 sunt,
1383 1663 1439 1701 ut
1467 1660 1705 1713 quietam

187 1733 237 1772 et
270 1731 627 1784 tranquillam
662 1731 831 1772 uitam
866 1744 1087 1785 agamus
1127 1731 1177 1772 in
1226 1730 1364 1771 omni
1408 1730 1617 1784 pietate
1666 1732 1714 1770 et

188 1802 435 1853 caritate,
469 1815 518 1843 ne
553 1803 791 1856 quisquam.
827 1802 938 1844 sicut
971 1815 1015 1844 se
1049 1802 1175 1843 habet
1208 1802 1412 1843 humanae
1441 1800 1713 1856 cogitationis

186 1873 422 1923 infirmitas,
458 1873 715 1915 existimaret
742 1887 822 1915 non
850 1886 943 1915 esse
975 1873 1058 1915 ista
1085 1873 1273 1915 facienda
1300 1886 1373 1925 pro
1401 1872 1481 1915 his.
1510 1885 1533 1912 a
1559 1871 1713 1925 quibus

186 1945 522 1998 persecutionem
572 1945 811 1999 patiebatur
855 1945 1046 1987 ecclesia.
1093 1957 1189 1986 cum
1235 1944 1423 1985 membra
1466 1942 1623 1984 Christi
1668 1955 1714 1983 ex

130 2030 164 2055 25
191 2015 302 2056 omni
341 2019 482 2057 essent
520 2016 737 2057 hominum
785 2029 936 2070 genere
982 2015 1230 2070 colligenda.
1281 2015 1390 2056 unde
1436 2014 1630 2068 adiungit
1675 2016 1716 2054 et

305 2143 326 2177 5
353 2142 367 2176 Ι
397 2143 476 2178 Cor.
507 2144 562 2186 10,
592 2144 632 2177 17
711 2143 753 2178 19
780 2143 796 2177 Ι
823 2143 912 2177 Tim.
941 2145 974 2180 2.
1004 2143 1094 2178 1-2

233 2215 253 2248 3
281 2214 380 2248 aliud
407 2214 529 2249 HMA
556 2214 634 2249 edd.
656 2218 806 2259 praeter
830 2226 865 2248 m
986 2218 1108 2248 uotum
1136 2213 1326 2247 maximum
1354 2212 1432 2247 edd.
1551 2212 1714 2246 nouimus

186 2274 296 2308 AGV
323 2276 380 2318 (m.
410 2277 428 2308 1
456 2285 546 2309 corr.
574 2275 753 2316 uouirnus)
782 2285 954 2308 uouemus
981 2274 1017 2307 P
1110 2274 1132 2307 4
1159 2273 1214 2307 cui
1241 2271 1283 2306 K
1376 2272 1398 2305 6
1425 2271 1712 2306 sanctificatione

183 2333 428 2367 „ammonis
449 2333 721 2378 praeparatione
741 2334 795 2376 (in
816 2344 886 2367 ras.
900 2333 1020 2376 fuisse
1039 2332 1116 2368 uid.
1138 2331 1338 2374 distributi)
1364 2330 1397 2364 V
1414 2330 1712 2365 sanctificationis

185 2394 459 2438 praeparatione
487 2404 518 2427 m
623 2393 641 2427 ’ἲ
671 2404 756 2437 apos
742 2393 914 2426 stolorum
942 2393 975 2426 A
1098 2391 1404 2427 ΡΡωΕΗνΚΑΕ
1432 2390 1474 2424 K
1497 2389 1713 2435 proseuchas

187 2456 263 2488 cett.
290 2452 393 2487 codd.
467 2455 487 2486 δ’
515 2453 617 2486 uelut
643 2452 698 2486 H
698 2452 758 2486 {G
785 2455 841 2486 (m.
871 2455 895 2485 2
922 2452 978 2485 uel
1006 2453 1059 2495 ut)
1086 2451 1187 2520 neolut
1213 2454 1253 2484 ut
1278 2452 1351 2494 (pr
1379 2452 1420 2484 ut
1446 2461 1487 2485 m.
1518 2451 1542 2482 2
1569 2448 1714 2490 del.)P

190 2535 232 2569 10
263 2539 501 2580 nuncupatus,
534 2547 578 2570 m.
613 2538 638 2570 2
670 2538 897 2580 nuncupatur
928 2535 975 2568 M
1118 2534 1255 2570 HVKH
1289 2533 1331 2567 K
1361 2535 1472 2567 euche
1505 2535 1583 2566 ult
1610 2531 1713 2565 codd

191 2594 228 2628 ll
257 2595 370 2628 nostri
400 2595 476 2630 GV
572 2595 613 2629 13
640 2595 860 2640 inpositione
888 2594 931 2628 H
1027 2595 1067 2629 17
1096 2595 1149 2639 ut]
1179 2594 1213 2627 in
1242 2595 1282 2627 Α
1381 2593 1422 2627 ls
1451 2591 1654 2626 constrictis
1681 2591 1715 2624 1

186 2654 393 2698 perscribtis
418 2654 584 2699 Etcyippi
609 2655 685 2689 cod.
719 2654 813 2694 Vae..
841 2653 1072 2698 praescriptis
1099 2657 1177 2687 cett.
1205 2652 1370 2697 Euyippi
1395 2650 1496 2685 codd.
1570 2651 1611 2684 19
1639 2661 1715 2683 esse

187 2724 253 2748 oni.
280 2715 445 2759 Euyippi
469 2714 546 2750 cod.
582 2714 661 2748 Vat.
761 2714 807 2748 20
834 2714 892 2758 qui
922 2715 1036 2747 eti-am
1064 2713 1152 2756 (fuit
1180 2712 1204 2754 i)
1232 2711 1276 2745 II
1357 2711 1402 2745 23
1431 2716 1471 2744 nc
1499 2712 1531 2753 (e
1558 2713 1650 2753 exp.)
1687 2707 1720 2742 V

234 2773 304 2807 ista
330 2784 406 2807 esse
433 2773 596 2817 Euqippi
622 2772 700 2807 cod.
734 2772 815 2807 Vat.
891 2773 936 2807 ‘25
964 2771 1071 2817 unde]
1103 2771 1195 2806 unde
1236 2775 1271 2805 et
1298 2770 1342 2804 M
