1952 3118
191 1683 245 1725 14

266 213 351 254 360
737 212 770 245 S.
810 211 991 245 Aureli
1029 210 1322 255 Augustini

265 342 444 382 fortasse
477 341 735 382 tenebimus:
772 341 844 382 sed
877 341 1030 382 mirum
1065 342 1100 382 si
1128 342 1381 383 sententiam
1409 342 1558 384 Graeci
1591 343 1794 384 sermonis

266 412 335 453 uel
373 411 691 452 consuetudinis
731 412 1025 454 obtinebimus.
1064 414 1346 465 precationem
1382 416 1422 454 et
1462 414 1794 467 deprecationem

268 483 394 523 multi
420 482 553 524 nostri
579 483 657 523 hoc
685 483 796 523 idem
823 486 974 535 putant
1000 486 1041 524 et
1067 484 1145 524 hoc
1174 484 1383 525 cotidiano
1411 497 1492 525 usu
1518 485 1602 525 iam
1630 484 1794 525 omnino

267 554 517 607 praeualuit.
565 554 636 606 qui
682 556 822 595 autem
869 554 1113 596 distinctius
1147 555 1293 596 Latine
1331 555 1464 596 locuti
1505 558 1615 605 sunt,
1657 568 1797 608 preca-

268 625 456 666 tionibus
490 625 717 666 utebantur
749 625 786 666 in
824 625 1017 679 optandis
1052 626 1185 668 bonis.
1221 626 1585 679 deprecationibus
1625 639 1722 667 uero
1756 626 1797 666 in
1840 642 1854 665 5

271 696 508 737 deuitandis
548 696 684 737 malis.
730 697 890 749 precari
930 697 1039 738 enim
1080 697 1274 738 dicebant
1313 710 1403 738 esse
1448 697 1654 751 precando
1693 697 1800 738 bona

271 770 427 820 optare,
467 768 671 820 inprecari
709 768 832 818 11111111,
881 768 990 820 quod
1036 769 1165 822 uulgo
1211 768 1293 808 iam
1341 768 1493 809 dicitur
1537 767 1799 809 maledicere.

272 839 486 893 deprecari
525 841 664 879 autem
704 839 814 879 mala
853 838 1058 892 precando
1100 839 1321 891 depellere.
1363 839 1435 880 sed
1473 840 1678 880 usitatum
1717 838 1798 878 iam

270 910 471 963 loquendi
509 910 681 951 modum
721 911 863 963 potius
905 923 1131 963 sequamur
1170 915 1223 961 et⁷
1265 911 1355 951 siue
1388 911 1679 964 ‘precationes'
1711 910 1800 951 siue

272 981 614 1035 ‘deprecationes'
656 981 952 1031 inuenerimus,
994 994 1096 1034 quas
1138 981 1287 1023 Graeci
1324 981 1482 1036 ’δεήσεις
1520 983 1687 1023 uocant.
1720 994 1801 1022 non
1830 997 1860 1021 ιο

271 1056 470 1106 putemus
495 1065 587 1093 esse
616 1052 931 1093 emendandum.
961 1053 1169 1094 orationes
1196 1066 1311 1103 uero,
1339 1066 1441 1106 quas
1466 1052 1650 1094 Graecus
1676 1052 1803 1093 habet

274 1125 519 1179 προσευχάς,
566 1123 826 1178 distinguere
866 1137 888 1164 a
925 1124 1121 1176 precibus
1167 1124 1236 1164 uel
1280 1124 1590 1177 precationibus
1637 1123 1802 1164 omnino

276 1194 447 1236 difficile
482 1197 559 1236 est.
595 1195 707 1247 quod
738 1207 838 1236 uero
867 1195 1036 1248 quidam
1071 1195 1235 1237 codices
1268 1208 1347 1236 non
1381 1195 1536 1236 habent
1569 1194 1806 1235 ‘orationes'

276 1266 348 1307 sed
387 1266 696 1316 ‘adoi·ationes‘,
738 1266 836 1319 quia
873 1279 953 1308 non
994 1266 1152 1308 dictum
1194 1269 1256 1307 est
1294 1266 1335 1306 111
1377 1264 1535 1307 Gracco
1574 1261 1698 1320 εὐχάς
1731 1263 1804 1305 sed

275 1339 520 1392 προσευχάς.
548 1349 629 1378 11011
656 1337 834 1378 arbitror
861 1338 1041 1378 scienter
1069 1337 1409 1390 interpretatum3
1438 1335 1668 1392 προσευχάς
1695 1335 1804 1375 0111111
1832 1351 1864 1376 15
1905 1325 1908 1328 ¹

278 1408 487 1448 orationes
527 1407 609 1449 dici
644 1421 665 1449 a
700 1408 871 1450 Graecis
910 1408 1180 1450 notissimum
1222 1410 1299 1449 est.
1340 1411 1380 1448 et
1412 1407 1559 1460 utique
1593 1406 1707 1447 aliud
1740 1408 1803 1447 est

278 1491 406 1527 orare„
446 1479 561 1520 aliud
601 1479 783 1520 adorare.
820 1479 997 1532 denique
1030 1492 1111 1521 non
1143 1480 1224 1520 isto
1259 1479 1386 1519 uerbo
1421 1478 1494 1519 sed
1534 1478 1614 1519 alio
1647 1478 1804 1532 legitur

277 1551 317 1591 in
354 1550 533 1592 Graeco:
568 1550 846 1591 Dominum
895 1550 1043 1591 deum
1090 1552 1236 1591 tuum
1284 1549 1535 1590 adorabis
1578 1550 1636 1589 et:
1678 1548 1803 1589 Ado-

277 1622 401 1663 rabo
437 1621 495 1662 ad
528 1622 788 1675 templum
824 1624 1068 1663 sanctum
1101 1623 1250 1662 tuum
1285 1623 1325 1662 et
1358 1621 1393 1662 si
1428 1633 1509 1673 qua
1542 1620 1712 1661 similia.

338 1693 417 1734 Pro
451 1693 860 1746 interpellationibus
895 1695 1049 1743 autem,
1085 1692 1195 1746 quod
1222 1692 1354 1734 nostri
1380 1692 1545 1741 habent,
1574 1691 1804 1732 secundum
1832 1709 1866 1735 20

280 1764 460 1814 codices,
508 1765 644 1813 credo.¹
690 1767 854 1806 uestros
899 1764 1209 1818 postulationes
1255 1764 1451 1818 posuisti.
1498 1763 1599 1804 haec
1636 1762 1805 1803 interim

281 1835 377 1886 duo,
411 1835 453 1876 id
487 1838 551 1877 est
585 1835 694 1888 quod
729 1836 799 1876 alii
832 1835 1157 1888 postulationes
1193 1835 1264 1876 alii
1295 1834 1654 1887 interpellationes
1682 1833 1806 1874 inter-

402 1987 444 2021 18
470 1986 602 2021 Mattb.
629 1988 662 2029 4,
692 1987 735 2021 10
832 1987 891 2021 Ps.
918 1989 949 2028 ξ),
977 1987 998 2021 8

331 2070 346 2103 1
371 2069 724 2104 sed—obtinebimus
747 2081 813 2104 om.
836 2070 879 2104 K
924 2071 944 2103 '2
966 2070 1224 2114 precationem]
1254 2069 1536 2114 predicationem
1557 2068 1591 2102 A
1641 2068 1662 2101 3
1683 2065 1828 2110 nostris

283 2141 326 2164 m.
355 2131 380 2163 2
404 2132 529 2163 nosti-n
560 2129 592 2163 G
666 2130 755 2163 hacc
780 2129 874 2163 idem
895 2130 1060 2173 Euffl'ppz·
1085 2129 1162 2163 cod.
1184 2129 1308 2163 Ambr.
1331 2132 1362 2163 et
1388 2129 1471 2164 Vat.
1547 2128 1627 2161 usui
1647 2126 1813 2161 HMAK

282 2190 302 2223 9
330 2191 536 2232 sequantur,
564 2200 607 2224 m.
631 2191 655 2222 2
682 2199 871 2234 sequamur
901 2189 933 2223 G
987 2189 1027 2222 10
1047 2188 1250 2222 inuenimus
1271 2188 1315 2221 H
1385 2199 1491 2231 quam
1516 2187 1636 2221 MAP
1660 2188 1716 2230 (m.
1746 2188 1770 2220 2
1794 2186 1810 2218 l

285 2254 385 2298 quas)
416 2254 449 2288 G
547 2254 727 2290 ΛΗΗΕΙΕ
755 2255 797 2288 K
821 2255 936 2288 dcesis
963 2258 1040 2289 cett.
1068 2254 1169 2289 codd.
1272 2255 1310 2287 ll
1342 2253 1601 2288 emendandum
1630 2264 1705 2286 esse
1732 2251 1810 2286 edd.

333 2325 418 2358 quas
446 2325 524 2355 om,
551 2325 578 2350 3.
606 2326 640 2347 u.
668 2326 713 2349 m.
740 2317 759 2348 1
787 2314 873 2349 add.
906 2314 940 2347 V
1057 2314 1195 2358 graecis
1222 2313 1264 2346 H
1287 2324 1444 2358 graecas.
1472 2324 1516 2346 mi
1544 2315 1563 2346 1
1589 2322 1680 2346 corr.
1709 2322 1810 2355 grae-

1204 2361 1221 2381 P
1253 2367 1280 2381 ro
1327 2367 1352 2381 se
1384 2367 1398 2381 u
1430 2361 1487 2381 chau

286 2409 345 2432 cus
379 2397 412 2431 V
487 2397 633 2437 habent,
661 2408 704 2430 m.
731 2400 750 2430 1
776 2407 864 2434 corr,
891 2398 1002 2432 habet
1029 2398 1063 2430 A
1128 2398 1169 2431 12
1197 2397 1502 2432 FPfflG-{VKAC
1531 2395 1573 2428 K
1595 2395 1811 2440 proseuchas

285 2457 399 2492 ΗΡΘ
437 2457 612 2502 pseuchas
644 2457 693 2490 M
727 2468 906 2501 pseuscas⁷
942 2469 985 2491 m.
1020 2459 1038 2490 1
1070 2467 1161 2491 corr.
1201 2456 1394 2500 pseuschas
1434 2455 1467 2488 V
1500 2467 1563 2500 pro
1597 2454 1745 2488 seuchas
1778 2455 1812 2487 A

334 2516 489 2561 omnino]
518 2517 615 2550 0111111
635 2515 739 2550 modo
765 2516 815 2550 M
869 2517 911 2550 14
933 2515 1175 2560 adorationes]
1205 2516 1395 2557 orationes,
1415 2527 1460 2549 m.
1483 2517 1508 2549 2
1528 2513 1755 2548 adorationes
1780 2512 1812 2546 G

269 2582 271 2584 ’
333 2587 403 2610 11011
431 2588 498 2611 om.
524 2576 572 2610 M
668 2576 836 2611 ΗΧΙΚΑΕ
865 2575 927 2609 sed
955 2575 1261 2611 ΠΡωΕΗΧΙΚΑΕ
1289 2574 1331 2608 K
1356 2575 1483 2609 euchas
1511 2574 1572 2608 sed
1598 2571 1812 2618 proseuchas

288 2639 364 2670 cett.
392 2636 494 2670 codd.
596 2636 639 2670 15
669 2636 975 2671 FPfflG-{VKAC
1003 2634 1046 2668 K
1067 2634 1285 2679 proseuchas
1312 2638 1389 2668 cett.
1417 2634 1519 2670 codd.
1620 2634 1661 2667 16
1689 2644 1708 2666 a
1734 2643 1812 2675 om„

289 2707 330 2729 m.
359 2698 377 2728 1
404 2695 487 2729 add.
515 2695 565 2728 M
648 2696 688 2728 17
718 2695 832 2738 orare]
860 2695 1052 2732 orationes,
1080 2706 1123 2730 m.
1150 2697 1169 2727 1
1195 2705 1284 2728 corr.
1314 2705 1412 2728 orare
1447 2694 1478 2727 V
1574 2692 1686 2736 aliud]
1716 2690 1814 2726 aliud

289 2759 306 2789 0
333 2754 381 2788 Μ
453 2754 614 2798 adorare]
644 2765 755 2797 orare,
782 2765 827 2787 m.
854 2757 894 2787 ut
919 2754 996 2787 uid.
1025 2756 1050 2788 2
1075 2753 1223 2787 adorare
1254 2753 1286 2788 G
1343 2754 1384 2787 21
1415 2752 1518 2787 credo
1545 2763 1571 2786 s.
1599 2763 1633 2786 u.
1663 2763 1704 2786 m.
1733 2755 1751 2785 1
1787 2750 1819 2784 V

337 2814 492 2857 interim,
518 2825 562 2847 m.
592 2816 616 2847 2
641 2813 663 2846 Γ
691 2815 821 2847 iterum
852 2813 884 2847 G
