1952 3118
657 173 1010 217 epistularum
1051 172 1210 208 CXLIII.
1610 177 1688 218 261

171 305 630 358 concupiscentiam
682 304 848 346 cordis
900 317 1079 347 eorum.
1125 305 1295 357 proinde
1341 319 1471 348 unum
1516 307 1692 348 uerbum

168 377 430 429 relinquitur.
471 375 581 428 quod
625 375 785 416 dictum
831 378 914 416 est:
960 376 1264 417 Reuertatur
1308 377 1364 417 ad
1411 377 1566 428 deum,
1613 390 1694 430 quo

169 451 290 502 pacto
324 447 458 500 accipi
490 446 627 500 possit
657 446 853 495 ‘reuerti‘,
892 446 964 487 ubi
1004 449 1097 488 ante
1136 460 1215 488 non
1255 448 1347 498 fuit,
1382 448 1417 489 si
1457 449 1617 490 animae
1657 449 1695 489 in

169 519 258 560 suis
297 531 485 571 quaeque
524 518 766 571 corporibus
805 516 923 559 fiunt.
965 530 1046 571 quo
1093 519 1182 560 solo
1228 519 1356 561 uerbo
1402 533 1485 560 una
1527 520 1695 561 illarum

169 592 369 643 quattuor
411 591 663 644 angustatur
712 588 863 643 opinio.
909 589 981 630 sed
1033 602 1166 642 neque
1217 592 1386 644 propter
1437 591 1515 632 hoc
1566 603 1694 631 unum

167 663 342 702 uerbum
376 663 530 702 temere
563 660 756 702 existimo
788 660 904 700 illam
939 660 1188 702 sententiam
1224 674 1316 702 esse
1342 661 1620 711 refutandam,
1647 675 1696 703 ne

168 732 273 773 forte
305 732 443 786 possit
477 731 640 773 ostendi
675 732 814 784 aliquo
843 744 992 785 genere
1020 732 1262 781 locutionis,
1290 745 1371 785 quo
1399 736 1543 774 sancta
1570 733 1697 787 scrip-

167 808 262 844 tura
293 804 357 845 uti
389 804 511 845 solet.
539 803 617 844 hoc
644 815 810 856 quoque
838 804 950 844 recte
979 802 1060 843 dici
1087 803 1293 856 potuisse,
1322 806 1370 845 ut
1395 804 1551 845 reuerti
1577 805 1697 845 intel-

168 875 334 929 legatur
359 874 410 916 ad
438 874 561 915 deum
591 874 765 927 spiritus
794 876 960 915 creatus
988 876 1204 927 tamquam
1232 874 1282 915 ad
1309 878 1538 919 auctorem,
1566 888 1589 917 a
1615 888 1697 928 quo

171 948 334 987 creatus
369 948 446 994 est,
474 958 554 986 non
588 948 805 998 tamquam
839 945 890 985 ad
923 958 1033 989 eum.
1068 945 1180 998 apud
1214 959 1337 999 quem
1373 946 1569 999 primitus
1602 947 1697 987 fuit.

228 1017 342 1058 Haec
382 1017 473 1058 ideo
514 1017 678 1070 scripsi,
713 1018 773 1065 ut,
808 1015 1000 1070 quisquis
1040 1016 1207 1057 illarum
1242 1018 1442 1069 quattuor
1479 1017 1528 1058 de
1563 1017 1699 1058 anima

170 1087 471 1128 sententiarum
500 1087 681 1140 aliquam
711 1087 896 1129 uoluerit
921 1087 1136 1128 adstruere
1169 1090 1296 1141 atque
1329 1088 1565 1139 defendere,
1599 1089 1699 1131 talia

168 1159 350 1211 proferat
370 1159 439 1199 uel
461 1158 510 1199 de
531 1158 751 1212 scripturis
772 1159 811 1199 in
835 1159 1128 1200 auctoritatem
1151 1159 1484 1201 ecclesiasticam
1505 1161 1699 1214 receptis,

169 1242 272 1282 quae
317 1242 396 1271 non
443 1229 609 1282 possint
651 1229 773 1270 aliter
817 1229 965 1282 accipi,
1012 1229 1137 1271 sicuti
1178 1232 1256 1280 est,
1297 1230 1408 1283 quod
1453 1230 1555 1272 deus
1599 1232 1700 1273 fecit

167 1300 394 1349 hominem,
433 1300 502 1341 uel
546 1300 706 1341 ratione
750 1303 836 1341 tam
883 1303 1008 1343 certa.
1056 1308 1103 1341 ut
1147 1301 1423 1343 contradictio
1469 1305 1542 1343 aut
1585 1303 1700 1343 nulla

169 1372 319 1412 existat
351 1374 424 1412 aut
448 1371 635 1412 insaniae
663 1372 815 1413 similis
841 1372 990 1413 merito
1017 1372 1241 1415 iudicetur.
1268 1372 1388 1414 uelut
1414 1373 1449 1414 si
1476 1374 1699 1427 quisquam

169 1442 282 1483 dicat
313 1456 388 1484 nec
420 1443 644 1484 ueritatem
678 1455 931 1497 cognoscere
963 1456 1037 1484 nec
1071 1443 1159 1483 falli
1188 1455 1442 1496 quemquam
1469 1457 1593 1497 posse
1620 1445 1701 1485 nisi

169 1514 403 1555 uiuentem:
445 1527 576 1567 neque
616 1514 739 1555 enim.
780 1517 826 1555 ut
873 1515 1106 1564 uideamus,
1147 1527 1271 1568 quam
1317 1514 1372 1555 sit
1416 1515 1494 1556 hoc
1538 1528 1699 1562 uerum,

169 1585 469 1638 scripturarum
516 1586 745 1627 auctoritas
790 1585 1027 1627 necessaria
1072 1588 1137 1627 est
1181 1598 1228 1626 ac
1277 1598 1357 1627 non
1410 1599 1559 1627 sensus
1610 1586 1700 1640 ipse

110 1674 126 1697 2
169 1656 403 1697 communis
447 1656 506 1697 ita
550 1670 694 1698 uerum
742 1669 834 1698 esse
879 1657 1101 1710 perspicua
1146 1657 1305 1698 ratione
1349 1657 1595 1710 proclamat,
1640 1660 1700 1707 ut,

170 1727 361 1780 quisquis
395 1727 702 1769 contradixerit.
738 1727 1085 1769 dementissimus
1118 1727 1334 1769 habeatur.
1366 1729 1445 1770 hoc
1479 1728 1514 1770 si
1545 1728 1584 1770 in
1619 1729 1703 1769 ista

170 1798 470 1840 obscurissima
503 1799 763 1852 quaestione,
798 1812 903 1852 quae
937 1799 985 1840 de
1019 1799 1156 1841 anima
1188 1802 1266 1850 est,
1300 1802 1512 1854 praestare
1546 1800 1700 1853 aliquis

168 1872 322 1922 potest,
362 1870 537 1911 adiuuet
582 1871 817 1924 inperitiam
863 1884 1019 1913 meam:
1066 1871 1178 1924 quod
1222 1871 1258 1912 si
1302 1884 1382 1913 non
1427 1874 1582 1924 potest,
1620 1884 1698 1913 non

170 1941 312 1994 culpet
344 1941 655 1983 cunctationem
689 1955 835 1983 meam.

217 2068 238 2101 2
265 2078 333 2112 quo
363 2067 396 2102 G
494 2070 724 2102 reuertantur
742 2068 790 2102 M
813 2070 849 2112 (n
875 2080 919 2102 m.
942 2070 967 2102 2
993 2071 1087 2113 exp.)
1114 2068 1149 2102 A
1248 2068 1290 2103 ad
1319 2068 1422 2103 deum
1450 2080 1519 2114 quo
1546 2077 1697 2114 peccato

171 2125 212 2159 K
241 2126 285 2160 ad
318 2125 421 2160 deum
456 2138 516 2171 pro
550 2129 696 2171 peccato
730 2126 926 2161 ΡΗΑΟΡι
957 2127 1036 2161 edd.
1065 2131 1216 2171 praeter
1247 2139 1281 2162 m
1313 2139 1375 2173 pro
1408 2132 1557 2173 peccato
1591 2136 1649 2169 (m.
1678 2132 1703 2161 ἰ.)

172 2195 240 2229 quo
266 2188 387 2230 pacto)
414 2185 459 2219 ad
486 2186 588 2219 <lcum
617 2185 664 2220 M
747 2187 767 2219 :5
796 2189 903 2220 antea
933 2187 962 2220 C
1045 2189 1066 2220 4
1094 2197 1163 2230 quo
1190 2197 1258 2221 om.
1284 2187 1320 2220 P
1345 2198 1432 2231 quo·
1460 2196 1490 2227 (s
1517 2192 1625 2229 eras.)
1654 2187 1702 2221 Ρι

173 2245 193 2277 5
220 2244 322 2279 1111⁰¹
347 2245 389 2278 K
507 2245 528 2278 6
556 2246 628 2279 exis
656 2257 724 2285 mo,
753 2257 795 2279 m.
825 2250 849 2279 2
875 2245 1039 2279 existimo
1066 2246 1102 2279 P
1238 2245 1336 2280 illam
1363 2247 1410 2291 (m
1438 2257 1483 2280 m.
1511 2248 1537 2280 2
1561 2247 1601 2279 in
1629 2258 1700 2280 ras.

175 2305 197 2335 ‚3
225 2303 259 2343 1.,
284 2315 439 2348 quarum
465 2308 650 2348 postrema
676 2316 709 2338 m
728 2305 823 2349 fuit)
851 2305 887 2338 P
1029 2306 1050 2339 8
1083 2307 1236 2345 rcuerta,
1263 2316 1306 2342 m.
1334 2308 1352 2339 1
1379 2316 1469 2341 corr.
1504 2306 1635 2339 reuerti
1666 2305 1706 2338 ΙΙ

175 2363 213 2396 11
242 2362 345 2396 11110‘
372 2363 413 2396 K
517 2364 557 2397 13
584 2364 619 2397 in
647 2365 863 2398 auctoritate
891 2366 948 2406 (κν
975 2375 1020 2398 m.
1048 2366 1088 2406 2)
1117 2364 1396 2399 ecclesiasticam
1423 2365 1459 2398 P
1482 2365 1516 2398 in
1545 2366 1700 2399 auctori-

173 2423 248 2455 tate
276 2422 518 2456 ecclesiastica
548 2422 581 2457 G
647 2424 688 2457 14
716 2423 822 2457 aliter
848 2433 922 2457 ras.
950 2434 994 2457 ex
1019 2423 1163 2457 aliitera
1191 2423 1224 2457 G
1299 2434 1387 2468 quos
1418 2424 1448 2455 (c'
1519 2423 1699 2457 hominem

174 2478 261 2514 fecit
286 2479 364 2514 edd.
431 2482 472 2514 15
499 2481 673 2515 rationem
701 2484 773 2515 tarn
803 2484 934 2516 certam
966 2481 997 2515 G
1019 2493 1053 2515 m
1127 2481 1365 2516 contradictio
1393 2493 1465 2516 ras.
1494 2493 1537 2515 esc
1564 2485 1699 2515 contra—

174 2537 294 2572 ductio
321 2539 367 2572 M
391 2540 619 2577 contraditio,
645 2552 689 2574 m.
718 2544 743 2574 2
769 2540 1006 2574 contradictio
1038 2540 1069 2575 C
1163 2546 1318 2575 autom.
1337 2542 1371 2574 A
1397 2561 1422 2569 ·-
1446 2544 1531 2584 (pro
1559 2543 1635 2581 aut)
1657 2539 1702 2573 M

179 2598 219 2630 1³
246 2597 441 2640 uiuentem,
466 2610 511 2632 m.
539 2602 564 2632 2
590 2598 772 2633 uidentem
800 2599 843 2632 M
929 2599 1048 2643 quam]
1078 2610 1279 2644 quanquam
1311 2598 1340 2633 C
1418 2599 1484 2633 hoc
1511 2598 1702 2641 sitflrm

223 2656 270 2690 sit
294 2667 338 2692 m.
367 2660 393 2690 f.)
418 2668 460 2691 ea:
486 2658 536 2691 sic
563 2657 598 2691 P
692 2659 734 2692 21
764 2658 1066 2692 clementissimus
1092 2657 1134 2691 K
1242 2658 1272 2692 si
1298 2658 1334 2691 in
1363 2658 1447 2701 ista}
1477 2658 1519 2691 sii
1549 2658 1643 2691 nista
1673 2659 1703 2692 C

175 2714 220 2748 22
247 2715 383 2759 aliquid
410 2716 445 2750 P
575 2717 620 2750 ‘24
648 2717 779 2762 culpat,
806 2729 849 2750 m.
878 2719 902 2751 2
928 2717 976 2759 (ἒ)
1005 2728 1095 2751 corr.
1124 2716 1245 2761 culpet
1274 2717 1309 2750 II
1337 2717 1465 2756 culcet,
1491 2729 1535 2751 m.
1564 2720 1582 2750 1
1608 2728 1698 2752 corr.

179 2773 298 2818 culpet
326 2775 358 2808 G
458 2776 491 2808 in
520 2777 783 2810 cunctationem
814 2787 927 2810 meam
954 2776 994 2810 H
