1924 3122
209 217 288 257 118
684 214 718 248 S.
756 214 939 247 Aureli
977 213 1267 258 Augustini

204 344 394 397 coniuge,
430 356 554 396 quam
589 356 660 396 spe
688 342 876 396 pariendi
902 343 1069 396 penitus
1099 344 1346 385 destitutam
1376 345 1576 387 sterilitas
1605 349 1737 388 aetas-

206 428 285 468 que
319 415 400 455 iam
434 415 603 456 fecerat.
637 417 894 468 propagatur
933 427 979 455 ex
1018 414 1090 455 illo
1134 415 1506 457 numerosissimus
1540 418 1736 470 populus,

204 485 513 538 multiplicatus
553 485 591 524 in
626 486 833 539 Aegypto,
875 498 955 537 quo
995 486 1112 526 illam
1154 487 1327 539 stirpem
1369 499 1415 527 ex
1462 487 1736 530 orientalibus

204 556 395 610 partibus
440 556 662 609 promissis
709 556 953 609 effectisque
1005 558 1271 598 crebrescens
1324 558 1545 611 dispositio
1598 560 1739 601 diuina

205 628 504 669 transmiserat.
569 628 761 669 educitur
818 641 863 668 ex
920 628 1102 683 Aegypti
1166 629 1371 670 seruitute
1434 643 1535 684 gens
1599 631 1740 672 ualida
1782 647 1799 671 5

207 699 421 740 horrendis
458 699 590 753 signis
625 702 750 752 atque
784 699 1000 740 miraculis
1033 700 1253 753 pulsisque
1286 701 1429 754 impiis
1470 702 1666 756 gentibus
1699 703 1740 743 in

207 773 359 811 terram
394 770 688 823 promissionis
723 771 927 823 perducta
961 773 1002 811 et
1035 772 1266 812 constituta
1298 784 1425 825 regno
1460 772 1586 813 etiam
1614 773 1741 814 subli-

207 844 355 882 matur.
391 842 538 883 deinde
571 842 911 894 praeualescente
944 845 1117 894 peccato
1152 843 1369 896 sacrilegis
1403 844 1577 885 ausibus
1618 844 1742 885 deum

206 927 366 963 uerum,
402 913 473 967 qui
507 913 544 953 ei
575 912 777 954 beneficia
811 915 928 954 tanta
960 913 1207 963 contulerat,
1244 913 1491 967 saepissime
1527 915 1740 956 offendens

208 985 421 1037 uariisque
453 984 666 1038 flagellata
699 983 889 1024 cladibus
919 986 959 1025 et
984 985 1338 1038 prosperitatibus
1368 986 1581 1027 consolata
1607 999 1742 1039 usque
1772 1001 1803 1026 ιο

210 1056 261 1096 ad
300 1055 457 1097 Christi
494 1055 821 1096 incarnationem
867 1055 1273 1108 declarationemque
1319 1057 1572 1109 perducitur.
1620 1070 1742 1110 quem

211 1127 441 1175 Christum,
476 1126 543 1167 dei
581 1126 772 1177 uerbum⁷
808 1127 873 1168 dei
911 1127 1060 1177 filium⁷
1096 1127 1217 1168 deum
1257 1128 1298 1168 in
1341 1140 1461 1169 carne
1502 1132 1742 1177 uenturum,

209 1199 474 1248 moriturum,
508 1200 857 1249 resurrecturum,
890 1199 930 1240 in
965 1199 1129 1240 caelum
1163 1207 1450 1249 ascensurum,
1484 1201 1743 1253 praepollen-

208 1270 376 1312 tissimo
412 1282 487 1311 suo
521 1269 687 1311 nomine
720 1269 760 1310 in
797 1269 990 1310 omnibus
1025 1270 1222 1324 gentibus
1257 1270 1418 1311 dicatos
1453 1271 1532 1311 sibi
1565 1270 1744 1324 populos

208 1342 451 1383 habiturum
502 1341 629 1394 inque
680 1341 752 1382 illo
804 1347 1074 1394 peccatorum
1130 1342 1423 1383 remissionem
1480 1342 1744 1394 salutemque
1772 1358 1805 1383 15

211 1416 421 1455 aeternam
460 1413 647 1453 futuram
687 1426 779 1454 esse
819 1413 1087 1454 credentibus
1129 1413 1268 1454 onmia
1308 1413 1445 1466 gentis
1490 1413 1607 1454 illius
1656 1426 1745 1466 pro—

209 1485 354 1526 missa.
401 1497 544 1524 omnes
591 1484 848 1537 prophetiae,
895 1484 1142 1534 sacerdotia,
1189 1484 1406 1526 sacrificia.
1452 1485 1657 1537 templum
1706 1487 1746 1525 et

212 1559 363 1598 cuncta
397 1555 561 1597 omnino
597 1557 857 1596 sacramenta
890 1557 1132 1598 sonuerunt.

333 1683 353 1716 5
381 1694 458 1727 sqq.
485 1682 548 1716 Ex.
578 1683 631 1723 13,
661 1683 702 1716 17
732 1694 808 1727 sqq.

265 1756 279 1788 1
311 1755 499 1799 coniugem
526 1754 573 1799 (m
600 1766 643 1789 m.
667 1756 685 1787 1
712 1754 794 1797 del.)
820 1754 867 1787 W
940 1765 1001 1798 spe
1028 1754 1206 1799 pariendi]
1236 1754 1438 1800 separiendi
1464 1755 1495 1789 T
1566 1755 1747 1799 paraendi,

215 1827 257 1850 m.
286 1818 303 1848 1
331 1825 421 1849 corr.
449 1813 610 1859 pariendi
638 1814 688 1847 11⁷
781 1815 949 1859 paenitus
976 1814 1137 1859 pariendi
1158 1815 1193 1849 R
1296 1814 1471 1848 destituta
1499 1826 1552 1849 (ω
1576 1817 1683 1855 eras.)
1703 1815 1751 1849 M

216 1874 420 1908 distitutam
452 1873 579 1908 WHR
608 1873 802 1916 destutam,
828 1885 875 1907 m.
901 1875 926 1907 2
952 1873 1165 1907 destitutam
1196 1873 1228 1907 Τ
1336 1874 1356 1906 2
1384 1873 1530 1916 fecerat,
1558 1885 1600 1907 m.
1629 1876 1653 1908 2
1678 1874 1747 1907 fre-

215 1936 317 1978 gerat
349 1932 399 1967 W
420 1932 578 1976 fregerat
603 1931 647 1965 H
771 1943 831 1966 ÷zex
858 1932 953 1976 (fuit
979 1935 1007 1974 r)
1041 1933 1070 1966 C
1201 1932 1514 1968 nomirosissimus.
1542 1943 1585 1968 m.
1613 1936 1631 1966 1
1658 1944 1746 1968 corr.

214 1992 526 2027 numerosissimus
559 1992 609 2026 JV
702 1992 875 2037 populus*
900 1991 929 2025 C
1049 1993 1069 2026 3
1096 1992 1359 2036 multiplicatur
1384 1992 1428 2025 H
1522 1992 1627 2036 quod⁷
1654 2004 1696 2027 m.
1725 1995 1749 2026 2

217 2064 284 2096 quo
312 2052 363 2086 W
432 2053 454 2085 4
482 2052 690 2097 effectisque
710 2052 759 2085 M
782 2054 804 2095 ζ,
833 2054 939 2095 era-s.)
966 2051 1015 2085 ΡΙ
1043 2051 1273 2096 effectisquae
1294 2051 1332 2085 D
1406 2053 1426 2086 5
1455 2051 1609 2095 edussor,
1635 2063 1749 2095 supra

217 2111 380 2146 educitur
411 2112 461 2145 W
602 2112 778 2145 seruitute
808 2114 837 2154 (s
865 2115 897 2145 et
923 2100 1048 2145 ute-in
1077 2122 1149 2145 ras.
1177 2123 1220 2145 m.
1249 2114 1285 2154 2)
1319 2112 1369 2145 W
1512 2113 1530 2145 7
1557 2116 1653 2145 terra
1683 2111 1751 2146 ΤΒ

264 2171 503 2216 promisionis.
529 2182 574 2204 m.
602 2173 626 2205 2
652 2171 939 2216 repromissionis
962 2170 992 2204 C
1015 2171 1281 2215 promissiones
1309 2183 1354 2205 m.
1382 2174 1407 2205 2
1432 2171 1679 2215 promissionis
1703 2170 1753 2204 W

264 2230 437 2275 perducta
464 2241 506 2264 ex
533 2230 708 2274 producta
736 2234 802 2264 aut
828 2229 1025 2275 praeducta
1050 2230 1089 2264 D
1187 2230 1207 2264 8
1234 2231 1466 2275 praeualente
1493 2231 1527 2264 A
1643 2231 1748 2264 sacri-

215 2291 322 2335 legiis
349 2290 391 2323 K
487 2290 644 2333 auribus,
671 2301 714 2325 m.
742 2293 783 2323 ut
810 2290 886 2323 uid.
914 2293 932 2323 1
958 2301 1048 2324 corr.
1076 2290 1222 2324 ausibus
1255 2290 1306 2324 W
1427 2290 1507 2324 dnm
1533 2290 1572 2324 D
1670 2291 1689 2323 9
1718 2290 1749 2324 ei

221 2351 245 2389 (i
272 2361 315 2384 ea:
340 2352 355 2384 t
382 2353 422 2384 ut
448 2349 539 2391 uid.)
565 2349 603 2383 D
631 2349 680 2383 eis
707 2349 826 2383 MAI>
851 2348 928 2383 edd.
1008 2351 1112 2383 tanta
1138 2349 1313 2383 beneficia
1340 2349 1418 2383 edd.
1478 2349 1520 2383 10
1548 2349 1749 2392 auarisque,

219 2422 261 2444 m.
291 2412 315 2444 2
342 2409 543 2452 amarisque
570 2409 614 2441 H
697 2408 877 2442 claudibus
903 2408 1089 2452 flagellata
1119 2408 1170 2442 W
1252 2409 1438 2442 consulata
1463 2408 1537 2442 DA
1566 2408 1750 2442 conrolata

218 2469 267 2503 1³1
337 2469 377 2502 11
408 2468 580 2502 declarati
608 2479 830 2512 omnemque,
858 2478 949 2502 corr.
979 2467 1329 2511 declarationemque
1353 2468 1380 2501 C
1449 2468 1490 2502 12
1519 2467 1576 2501 dei
1602 2467 1749 2501 uerbum

220 2527 277 2562 dei
304 2527 430 2572 filium]
461 2526 519 2561 dei
545 2526 656 2560 filiuni
684 2526 742 2560 dm
769 2527 917 2560 uerbum
944 2526 986 2560 K
1117 2526 1219 2560 deum
1247 2537 1313 2560 om.
1346 2526 1375 2560 C
1400 2526 1479 2560 dnm
1506 2526 1544 2560 D
1665 2537 1749 2560 uen-

219 2590 321 2621 turus
347 2587 386 2621 D
474 2587 515 2621 13
542 2585 1009 2619 moriturum—habituruin
1038 2597 1104 2620 om.
1131 2586 1166 2619 B
1255 2586 1297 2619 14
1324 2584 1462 2619 dicatos
1489 2594 1541 2628 (Nos
1567 2596 1594 2619 s.
1624 2586 1674 2626 u.)
1705 2585 1755 2618 W

223 2647 264 2681 15
297 2646 425 2691 inque*
456 2646 507 2679 W
528 2646 649 2690 inque,
677 2656 720 2678 m.
750 2647 775 2678 2
800 2645 834 2678 in
865 2656 932 2688 quo
960 2645 996 2678 B
1022 2645 1057 2678 in
1086 2655 1155 2689 quo
1187 2643 1251 2678 CR
1282 2644 1318 2677 in
1353 2655 1455 2688 quem
1484 2643 1527 2677 K
1625 2644 1685 2678 ille
1713 2643 1755 2676 K

268 2705 513 2739 remissionem
540 2707 767 2750 peccatorum
794 2703 877 2737 HK
900 2703 978 2738 edd.
1038 2705 1080 2738 16
1108 2706 1289 2738 aeternam
1317 2705 1371 2745 (ae
1397 2713 1425 2737 s.
1451 2704 1501 2745 u.)
1534 2702 1583 2735 W
1652 2702 1749 2736 futu-

222 2775 296 2798 rum
330 2764 362 2798 T
484 2765 524 2797 17
554 2769 639 2806 osnS,
668 2776 711 2798 m.
739 2767 758 2797 1
786 2774 876 2798 corr.
905 2764 993 2798 omis
1025 2764 1057 2797 T
1082 2764 1195 2797 omnis
1222 2762 1265 2795 K
1371 2762 1565 2797 sacerdotis
1592 2762 1634 2795 <is
1663 2773 1705 2795 m.
1732 2764 1751 2794 1

223 2823 289 2858 dez.
317 2824 409 2866 uid.)
439 2835 458 2857 a
484 2826 588 2867 (corr.
611 2825 665 2865 ac)
686 2822 859 2857 sacrificia
879 2822 914 2856 B
935 2822 1108 2856 sacrificia
1129 2821 1330 2856 sacerdotia
1350 2820 1385 2855 R
1436 2821 1478 2855 18
1502 2821 1691 2854 coniuncta
1712 2821 1753 2854 H
