1952 3118
1 978 166 1024 112910

138 1356 167 1382 15

674 212 1023 256 epistularum
1061 211 1238 248 CXLVII.
1633 214 1719 256 303

194 342 369 383 mundo
410 341 566 385 corde.
605 341 801 396 quoniam
839 341 995 383 mundo
1034 341 1156 383 corde
1188 342 1416 392 uidebitur,
1451 342 1523 396 qui
1556 347 1644 385 ‘nec
1675 343 1717 384 in

193 414 284 455 loco
322 413 492 455 uidet-ur
534 425 610 455 nec
654 413 789 455 oculis
834 413 1121 466 corporalibus
1165 413 1380 467 quaeritur
1423 427 1498 456 nec
1543 414 1730 467 circum-¹

193 484 390 526 scribitur
420 484 518 525 uisu
549 497 624 525 nec
654 485 772 525 tactu
799 486 966 525 tenetur
990 497 1065 526 nec
1092 484 1262 526 auditur
1287 485 1415 526 affatu
1441 498 1515 527 nec
1541 485 1721 527 sentitur

192 555 389 597 incessu'.
424 555 564 596 deum
598 555 706 596 enim
740 567 878 596 nemo
912 555 1045 596 uidit
1076 568 1309 609 umquam
1343 556 1410 597 uel
1437 556 1477 598 in
1505 556 1582 597 hac
1614 556 1717 599 uita.

193 626 318 668 sicuti
355 626 446 679 ipse
485 628 562 674 est,
602 625 671 667 uel
709 625 835 667 etiam
873 625 914 667 in
952 626 1196 681 angelorum
1236 627 1338 675 uita,
1381 626 1493 667 sicut
1529 626 1719 668 uisibilia

191 697 286 746 ista,
315 710 419 750 quae
441 697 642 750 corporali
663 696 826 738 uisione
847 700 1085 747 cernuntur,
1113 697 1211 750 quia
1236 697 1531 752 unigenitus
1558 697 1717 740 filius.

194 768 275 821 qui
308 771 384 809 est
416 768 461 809 in
495 768 606 809 sinu
639 767 812 821 patris,
846 769 952 821 ipse
985 769 1222 810 narrauit.
1255 768 1365 810 unde
1391 781 1472 810 non
1500 768 1551 809 ad
1578 769 1719 810 oculo-

192 852 284 881 rum
314 839 592 892 corporalium
626 838 700 880 sed
731 838 782 880 ad
814 839 1019 880 mentium
1052 839 1261 881 uisionem
1294 839 1455 881 dictum
1487 842 1554 881 est
1589 840 1719 894 perti-

194 922 301 952 nere.
337 909 449 962 quod
480 912 631 951 narrat.

253 981 334 1023 Sed
358 994 518 1031 rursus,
546 994 596 1022 ne
623 981 877 1023 desiderium
905 984 1095 1023 nostrum
1118 995 1141 1023 a
1161 982 1346 1035 corporis
1369 994 1494 1024 sensu
1517 981 1568 1023 ad
1589 981 1719 1023 alium

194 1053 377 1107 corporis
416 1065 588 1094 sensum
627 1052 838 1107 migraret,
879 1053 958 1094 hoc
997 1056 1062 1094 est
1099 1053 1150 1095 ad
1189 1066 1310 1095 aures
1343 1053 1393 1095 ab
1428 1053 1577 1102 oculis,
1610 1053 1720 1101 ideo,

192 1135 287 1164 cum
333 1122 523 1164 dixisset:
580 1122 681 1164 ‘Nec
726 1123 1013 1176 corporalibus
1058 1123 1192 1165 oculis
1239 1123 1342 1165 deus
1388 1123 1601 1177 quaeritur
1645 1135 1720 1164 nec

193 1193 553 1235 circumscribitur
589 1194 687 1235 uisu
726 1206 801 1235 nec
838 1196 954 1235 tactu
993 1195 1185 1246 tenetur',
1223 1194 1386 1236 addidit
1424 1194 1572 1236 etiam:
1618 1193 1719 1235 ‘Nec

193 1264 363 1305 auditur
400 1264 557 1313 affatu’,
597 1267 657 1307 ut.
697 1265 732 1307 si
763 1278 1007 1319 possumus,
1041 1266 1309 1321 unigenitum
1340 1265 1491 1316 filium,
1525 1265 1608 1319 qui
1647 1268 1721 1307 est

192 1336 239 1376 in
284 1336 397 1377 sinu
442 1336 614 1388 patris.
660 1336 720 1377 sic
764 1336 1063 1392 intellegamus
1101 1338 1352 1386 narrantem,
1393 1350 1474 1390 quo
1512 1335 1637 1377 modo
1679 1339 1722 1377 et

193 1406 370 1448 uerbum
403 1409 469 1448 est
499 1420 578 1449 non
613 1420 739 1448 sonus
773 1408 944 1449 auribus
971 1408 1207 1461 instrepens
1235 1407 1309 1449 sed
1334 1407 1474 1462 imago
1502 1407 1720 1449 mentibus

193 1477 472 1528 innotescens,
505 1481 554 1519 ut
583 1478 671 1520 illic
703 1478 864 1520 interna
897 1481 939 1520 et
975 1479 1177 1521 ineffabili
1215 1480 1310 1521 luce
1350 1480 1568 1529 clarescat,
1608 1478 1720 1532 quod

194 1548 355 1590 dictum
401 1552 482 1591 est:
530 1548 624 1601 Qui
670 1563 740 1591 me
786 1549 931 1600 uidit,
977 1550 1109 1592 uidit
1153 1553 1201 1592 et
1244 1552 1450 1604 patrem,
1497 1549 1609 1603 quod
1653 1549 1722 1590 hic

195 1619 390 1674 Philippo
424 1620 654 1671 dicebatur,
694 1621 858 1674 quando
897 1621 1072 1663 uidebat
1109 1625 1152 1664 et
1188 1634 1266 1664 non
1306 1621 1492 1663 uidebat.
1532 1621 1724 1674 sequitur

195 1691 305 1733 enim
349 1691 475 1733 huius
522 1692 698 1734 uisionis
744 1693 920 1734 eximius
965 1693 1212 1747 concupitor
1255 1693 1507 1735 Ambrosius
1557 1691 1722 1734 dicens:

195 1763 273 1813 ‘Et‚
313 1776 409 1805 cum
447 1764 596 1805 absens
634 1767 821 1818 putatur,
861 1765 1030 1806 uidetur
1067 1767 1122 1815 et,
1162 1778 1259 1807 cum
1290 1777 1489 1818 praesens
1523 1766 1602 1813 est,
1642 1777 1723 1805 non

196 1833 391 1876 uidetur’.
424 1847 503 1876 non
536 1834 640 1876 dixit
670 1836 779 1876 ‘cum
812 1836 963 1878 absens
996 1838 1075 1878 est'
1102 1836 1175 1878 sed
1201 1837 1312 1878 ‘cum
1338 1835 1488 1877 absens
1515 1836 1724 1888 putatur’;

317 1996 407 2030 1—4
434 2012 477 2024 =
504 2008 537 2041 p.
564 1996 644 2039 291,
672 1997 812 2032 14—16
896 1997 936 2039 4;
963 1998 984 2032 o
1011 1997 1087 2032 Ioh.
1116 1998 1146 2041 1,
1175 1997 1218 2032 18
1325 1998 1479 2038 12-14;
1507 1997 1648 2031 21-22
1681 2012 1726 2026 =

199 2065 229 2099 p.
257 2055 337 2093 291,
369 2056 503 2090 ιιι-17
582 2055 623 2090 18
650 2055 728 2090 roh.
758 2056 812 2100 14,
838 2057 860 2091 9

248 2172 263 2206 1
299 2171 430 2206 mundo
462 2175 520 2214 (m.
554 2175 572 2207 1
601 2183 719 2217 supra
751 2171 888 2216 mundi)
921 2172 1044 2208 cordes
1076 2172 1120 2207 H
1148 2173 1281 2208 mundo
1316 2176 1374 2216 (m.
1408 2176 1427 2207 1
1459 2183 1550 2209 corr.
1590 2171 1730 2213 mundi)

200 2230 321 2265 cordes
347 2231 383 2265 P
405 2231 527 2266 mundi
554 2231 670 2266 cordis
697 2235 757 2275 (m.
784 2234 810 2267 :2
834 2232 970 2275 cordes)
997 2232 1037 2267 F
1058 2233 1182 2267 mundi
1209 2232 1334 2268 cordes
1360 2233 1441 2267 MA
1558 2231 1662 2266 cordo
1689 2231 1733 2265 II

200 2290 221 2325 2
247 2291 347 2325 omui
371 2291 466 2335 (fuit
485 2293 517 2333 c)
537 2291 585 2326 M
629 2292 652 2326 4
673 2291 766 2326 enim
787 2302 854 2326 om.
876 2291 910 2325 L
958 2294 979 2326 5
1001 2293 1094 2326 sicut
1113 2292 1190 2337 ipse
1208 2294 1264 2327 est
1282 2291 1356 2326 ΑΡ
1373 2303 1406 2326 m
1426 2291 1534 2326 sicuti
1550 2291 1619 2324 lllll!
1635 2291 1730 2334 (suit

201 2352 270 2392 est)
290 2349 366 2395 ipse
387 2352 442 2384 est
463 2350 505 2384 H
550 2351 571 2384 6
592 2350 748 2385 cernitur
768 2350 815 2385 M
862 2351 881 2384 7
902 2350 1064 2385 narrauit
1080 2352 1117 2393 (u
1137 2351 1178 2386 in
1198 2362 1283 2394 ras„
1307 2351 1423 2394 fuisse
1441 2350 1517 2384 uid.
1540 2349 1584 2391 b;
1612 2359 1727 2393 supra

202 2419 245 2443 m.
272 2410 298 2443 2
321 2409 339 2442 1
363 2409 400 2449 b)
427 2409 465 2443 P
486 2409 647 2444 narrabit
672 2409 707 2443 L
792 2410 813 2444 9
839 2414 971 2453 norrat,
998 2421 1043 2444 m.
1071 2412 1097 2444 2
1121 2413 1243 2445 narrat
1269 2411 1304 2444 P
1390 2410 1433 2444 10
1459 2420 1612 2452 rumsus,
1640 2419 1684 2442 m.
1714 2410 1731 2441 1

203 2478 293 2503 corr.
320 2479 441 2503 rursus
467 2468 510 2502 H
653 2479 718 2504 nec
743 2468 792 2503 M
935 2468 1034 2503 aliud
1060 2469 1173 2504 HFA
1205 2471 1310 2514 (corr.
1343 2481 1386 2504 m.
1413 2473 1454 2504 ut
1479 2468 1557 2503 uid.
1585 2470 1611 2503 2
1637 2467 1725 2504 aliu)

205 2527 245 2562 11
272 2528 427 2573 migrare
452 2528 501 2562 M
522 2528 654 2573 migret
684 2527 784 2562 TOL
923 2528 966 2563 12
994 2527 1080 2563 deus
1107 2529 1218 2563 oculis
1245 2528 1324 2564 edd.
1450 2529 1492 2562 14
1518 2526 1663 2562 additur
1691 2526 1731 2560 H

204 2585 330 2631 audit'l
347 2588 406 2629 (=
433 2586 591 2629 auditus)
616 2586 665 2621 M
831 2598 1012 2632 poss-mus
1038 2588 1168 2633 (supra
1194 2599 1267 2624 raa.
1294 2599 1339 2622 m.
1366 2591 1384 2621 1
1413 2587 1498 2622 add.
1526 2587 1562 2629 u)
1593 2585 1623 2621 Ο
1649 2596 1731 2630 pos-

204 2655 280 2679 sum
306 2645 348 2680 H
437 2646 480 2680 16
505 2648 667 2691 strepens
693 2645 892 2680 HMFAP
987 2646 1029 2681 18
1055 2646 1158 2682 uidet
1182 2646 1285 2682 uidet
1309 2646 1378 2681 PL
1403 2646 1481 2681 edd.
1501 2648 1652 2690 praeter
1678 2655 1735 2684 m,-

205 2703 250 2748 cs.
270 2715 310 2749 p.
336 2706 427 2742 286.
455 2707 501 2739 12
586 2706 738 2750 patrem]
765 2708 902 2750 patrem
930 2716 1047 2740 meum
1078 2705 1199 2749 TOL;
1224 2707 1270 2751 cf.
1292 2717 1331 2751 p.
1359 2707 1451 2749 288,
1483 2707 1507 2740 3
1589 2703 1674 2738 hinc
1700 2703 1733 2738 L

206 2761 252 2798 20
278 2763 415 2798 uisione
442 2764 490 2798 M
631 2764 851 2809 concupitur,
877 2776 922 2799 m.
950 2767 968 2798 1
993 2775 1086 2800 corr.
1113 2765 1322 2810 concupitor
1348 2765 1392 2799 H
1520 2763 1562 2798 21
1593 2766 1630 2798 et
1656 2773 1733 2797 cum

207 2832 373 2866 praesens
399 2827 455 2858 est
478 2834 548 2857 non
576 2822 719 2858 uidetur
744 2834 812 2860 om.
843 2823 945 2858 TOL
972 2823 1026 2866 (in
1050 2835 1169 2870 marq.
1198 2835 1243 2860 m.
1270 2826 1296 2859 2
1322 2824 1424 2867 add.)
