1952 3118
100 957 132 980 10

101 1311 134 1336 15

102 1666 135 1690 20

662 172 1021 216 epistularum
1061 172 1202 208 CXLII.
1605 176 1690 216 249

156 303 195 343 in
230 303 318 344 tota
353 301 560 354 scriptura
591 303 677 342 tam
710 301 845 342 multa
878 302 1150 354 reperiuntur,
1184 302 1242 343 ita
1283 304 1500 344 cesserunt
1531 302 1691 343 inimici

156 373 261 421 eius,
289 374 337 413 ut
362 372 594 413 faterentur
620 374 762 413 contra
789 372 1012 413 ecclesiam
1041 373 1377 423 transmarinam,
1400 386 1524 427 quam
1550 375 1690 414 tamen

157 443 406 485 catholicam
442 455 534 484 esse
568 443 750 484 confessi
784 446 893 493 sunt,
928 456 1055 484 causa
1089 475 1458 485 ............
1486 444 1583 485 huic
1615 456 1690 485 nos

158 513 516 556 communicamus
564 545 1688 557 ...................................

158 617 332 626 ......
372 597 608 626 mereamur
651 584 851 625 membris
893 584 1051 626 Christi
1091 587 1133 626 et
1172 586 1460 640 compaginem
1507 587 1692 640 corporis

157 656 246 697 eius
291 656 563 697 fidelissimae
608 655 795 697 caritatis
841 655 1148 709 amplectamur
1193 656 1361 706 affectu,
1408 658 1604 710 quoniam
1649 658 1690 698 in

158 727 360 768 ecclesiae
393 726 519 768 huius
554 726 714 767 unitate
742 726 996 779 quicumque
1024 727 1134 767 male
1161 726 1285 773 uiuit,
1316 727 1413 768 sibi
1446 727 1690 769 iudicium

156 797 422 838 manducat
456 799 503 838 et
535 797 679 847 bibit,
715 797 827 838 sicut
860 798 1079 850 apostolus
1114 797 1230 846 dicit,
1260 798 1515 851 quicumque
1550 802 1692 840 autem

156 870 260 911 bene
293 868 416 919 uiuit,
455 881 534 909 non
570 869 607 909 ei
639 867 900 922 praeiudicat
933 868 1063 909 alien-„1
1101 880 1228 910 causa
1261 870 1302 909 et
1335 869 1470 910 aliena
1501 881 1691 922 persona,

158 940 268 981 sicut
300 940 426 981 etiam
458 940 535 982 illi.
570 952 664 981 cum
700 939 749 980 de
780 951 905 980 causa
932 939 1174 980 Maximiani
1201 942 1492 994 urguerentur,
1521 953 1589 982 ore
1616 953 1692 982 suo

158 1010 292 1052 coacti
313 1013 413 1052 sunt
432 1010 632 1061 confiteri,
656 1010 753 1063 quia
776 1023 849 1051 nec
872 1022 998 1051 causa
1019 1023 1170 1051 causae
1200 1023 1273 1052 nec
1293 1023 1471 1064 persona
1490 1023 1692 1065 personae

157 1082 428 1135 praeiudicat.
462 1081 636 1123 solliciti
668 1083 808 1122 tamen
841 1081 1024 1123 inuicem
1053 1093 1201 1123 sumus
1229 1094 1301 1135 pro
1328 1081 1448 1124 nobis
1475 1085 1693 1135 tamquam

157 1154 282 1194 unius
321 1152 505 1207 corporis
544 1152 745 1195 membra.
780 1155 840 1201 ut,
874 1153 1129 1206 quicumque
1169 1152 1394 1194 adiuuante
1435 1153 1601 1194 domino
1642 1153 1693 1194 ad

158 1224 353 1266 borreum
397 1224 585 1265 futurum
633 1224 906 1277 pertinemus,
953 1223 1120 1264 interim
1160 1224 1200 1264 in
1240 1236 1332 1265 area
1377 1223 1505 1265 simul
1548 1224 1690 1277 paleas

159 1296 386 1337 toleremus
419 1308 492 1337 nec
525 1297 695 1349 propter
725 1295 841 1336 illam
875 1295 1016 1336 futuro
1049 1295 1136 1349 igni
1170 1295 1423 1337 destinatam
1449 1307 1525 1336 nos
1553 1307 1691 1336 aream

161 1366 412 1408 dominicam
446 1366 702 1408 deseramus.

218 1438 344 1492 Agite
376 1437 555 1479 fideliter
588 1440 630 1479 et
661 1438 850 1479 hilariter
884 1438 1172 1479 ecclesiastica
1205 1437 1352 1488 officia,
1391 1450 1496 1490 quae
1530 1437 1582 1478 ad
1613 1449 1690 1478 uos

159 1508 368 1561 pertinent
388 1521 460 1561 pro
484 1509 683 1563 gradibus
705 1509 873 1558 uestris,
896 1511 937 1550 et
958 1509 1240 1550 ministerium
1263 1511 1451 1550 uestrum
1475 1508 1693 1550 sinceriter

159 1579 386 1633 adimplete
425 1582 596 1634 propter
633 1581 754 1622 illum
794 1580 934 1631 deum,
975 1581 1052 1621 sub
1093 1593 1174 1633 quo
1221 1580 1413 1622 conserui
1458 1592 1606 1621 sumus
1651 1582 1692 1619 et

160 1650 226 1691 cui
259 1651 461 1693 rationem
490 1652 539 1693 de
566 1652 721 1693 nostris
749 1652 914 1693 actibus
941 1651 1178 1693 reddituros
1207 1664 1281 1693 nos
1315 1664 1407 1692 esse
1440 1651 1690 1705 cogitamus.

160 1721 267 1763 unde
313 1722 523 1764 abundare
570 1723 723 1764 debent
766 1723 803 1765 in
850 1723 970 1764 nobis
1018 1722 1327 1764 misericordiae
1373 1722 1548 1772 uiscera,
1595 1721 1688 1775 quia

160 1792 402 1835 iudiciuin
456 1794 560 1835 sine
612 1794 965 1836 misericordia
1017 1794 1095 1835 erit
1145 1794 1237 1842 illi,
1285 1793 1369 1847 qui
1423 1806 1514 1834 non
1568 1792 1690 1834 fecit

160 1864 568 1907 misericordiam.
606 1877 653 1905 ac
686 1878 758 1918 per
791 1865 869 1906 hoc
904 1867 945 1905 et
977 1877 1050 1918 pro
1083 1864 1168 1906 illis
1203 1866 1316 1905 orate
1350 1863 1584 1913 nobiscum¹¹
1620 1863 1690 1916 qui

160 1933 295 1975 adhuc
347 1935 648 1976 contristantur
706 1967 1277 1977 ....................
1335 1935 1462 1976 habet
1512 1934 1690 1975 carnalis

279 2051 297 2084 7
327 2050 338 2083 l
369 2049 448 2085 Cor.
478 2051 531 2086 11,
559 2052 603 2086 29
680 2051 722 2084 14
749 2051 879 2085 Matth.
907 2052 939 2090 3,
970 2051 1031 2088 122
1057 2051 1141 2087 Luc.
1169 2052 1201 2087 3.
1232 2051 1270 2084 17
1349 2050 1393 2085 22
1419 2050 1490 2084 Iac.
1519 2052 1551 2094 2,
1582 2051 1624 2083 13

207 2121 227 2155 3
261 2121 354 2155 inter
384 2133 491 2155 causa
523 2125 554 2156 et
586 2122 666 2156 huic
697 2122 857 2166 spatium
894 2122 1057 2156 relictum
1089 2126 1139 2156 est
1169 2124 1214 2155 12
1238 2122 1320 2165 scre
1347 2121 1552 2156 litterarum
1578 2121 1619 2154 in!
1647 2121 1689 2159 P,

160 2181 204 2212 15
225 2179 291 2213 litt.
314 2181 350 2213 ιή
380 2180 420 2216 V.
442 2182 488 2213 18
507 2181 576 2214 litt.
596 2181 635 2214 in
661 2179 710 2223 U;
731 2182 902 2215 lacunam
930 2181 1237 2225 siqmjficauerunt
1257 2181 1300 2214 ls
1314 2192 1349 2221 r‚·
1375 2183 1470 2222 sunt,
1489 2190 1526 2214 Se
1548 2191 1689 2214 causam

159 2248 228 2271 non
254 2238 396 2272 habere.
424 2238 506 2272 huic
532 2250 565 2271 m
591 2250 633 2272 ex
658 2239 878 2277 coniectura,
906 2239 1038 2282 opinor
1099 2240 1121 2272 4
1148 2239 1450 2272 communicamur
1476 2238 1511 2271 P
1595 2238 1690 2271 inm·

160 2298 460 2331 communicamus
493 2302 524 2331 ct
556 2309 754 2332 mercamur
778 2298 939 2341 spatium
967 2298 1130 2332 relictum
1156 2302 1207 2332 est
1236 2301 1279 2331 41
1301 2299 1385 2341 sere
1419 2297 1625 2331 litterarum
1653 2298 1691 2330 in

159 2355 205 2394 P.
230 2358 282 2390 23
308 2356 377 2390 litt.
401 2358 438 2390 in
466 2357 507 2399 V,
537 2359 581 2390 19
609 2358 676 2391 litt.
704 2358 744 2391 in
772 2357 819 2399 U,·
848 2357 1022 2391 lacunam
1048 2357 1354 2402 siynificauerunt
1383 2357 1473 2398 lsr,·
1500 2357 1691 2391 communi-

161 2425 279 2448 camus
306 2419 346 2449 ut
372 2417 541 2460 coniungi
568 2427 767 2450 mereamur
794 2428 823 2449 m
856 2427 898 2450 ex
923 2417 1144 2453 coniectura,
1172 2417 1304 2460 opinor
1433 2417 1451 2450 7
1480 2416 1573 2449 uiuit
1599 2425 1689 2449 corr.

162 2484 203 2507 m.
232 2476 266 2515 2,
284 2473 405 2516 fuisse
429 2475 505 2509 uid.
534 2475 627 2509 bibit
653 2475 688 2509 P
710 2475 845 2510 biberit
879 2475 950 2510 VU
975 2476 1019 2509 le·
1046 2476 1174 2509 uixerit
1200 2486 1265 2509 sm
1337 2476 1379 2509 10
1406 2476 1456 2509 sic·
1482 2475 1517 2508 P
1541 2475 1591 2508 sic
1624 2473 1696 2507 VU

161 2531 237 2566 edd.
310 2533 350 2567 12
378 2533 602 2577 praeiudicet
636 2534 705 2568 VU
731 2535 805 2569 lsr
876 2536 917 2568 14
945 2546 1046 2568 areas
1072 2535 1108 2568 P
1203 2535 1343 2579 paleam
1371 2546 1405 2568 m
1478 2536 1519 2568 15
1546 2545 1590 2566 nv
1624 2532 1693 2565 1'1'

162 2590 239 2624 edd.
338 2593 379 2626 21
410 2592 512 2626 uobis
545 2593 618 2627 VU
641 2593 718 2627 edd.
818 2595 862 2628 ‘22
890 2594 1016 2628 fecerit
1042 2605 1077 2628 m
1167 2595 1211 2628 23
1239 2595 1294 2637 ac}
1324 2594 1390 2627 hac
1416 2593 1452 2626 1²
1540 2593 1584 2625 24
1606 2595 1690 2635 pose

162 2650 421 2684 contristantur
453 2651 594 2695 reliqua
627 2663 663 2686 u.
691 2664 785 2696 pars
810 2654 979 2695 (19—20
1006 2652 1093 2695 lita.)
1126 2663 1252 2687 uacua
1278 2652 1313 2686 Ρ
1343 2651 1503 2695 spatium
1531 2660 1688 2684 uacuum

161 2718 235 2742 mm
269 2713 318 2743 est
354 2710 393 2743 in
436 2709 505 2744 VU
537 2721 650 2754 neque
684 2712 858 2745 lacunam
893 2712 1197 2756 aiquificauemnt
1230 2712 1323 2753 l‚s·›·;
1358 2710 1618 2744 contristantur
1653 2715 1690 2741 ut

164 2770 308 2801 sanetur
334 2768 485 2802 carnalis
513 2780 545 2802 m
571 2780 614 2803 ex
639 2771 861 2806 coniectura.
888 2770 1019 2814 opinor
