1952 3118
106 1745 154 1784 Vl

198 1742 244 1782 17

274 188 358 228 536
747 188 780 222 S.
822 187 1005 221 Aureli
1044 188 1332 231 Augustini

273 317 474 358 fabricata
519 320 584 360 est
633 343 689 347 ——
741 332 833 360 nam
883 320 973 361 eius
1021 318 1144 359 etiam
1192 319 1411 360 fabricatio
1458 321 1637 373 quodam
1682 321 1805 362 modo

272 389 527 441 praedicatio
568 389 650 430 fuit
690 416 757 439 —‚
800 390 911 432 sicut
950 390 1074 431 modo
1116 389 1277 431 similes
1317 403 1460 431 eorum
1499 405 1578 433 non
1620 392 1805 434 credunt.

275 461 345 514 qui
379 461 457 502 sub
499 461 641 502 eadem
683 462 816 503 forma
854 461 1114 515 ignorantiae
1148 461 1331 503 tenebris
1365 463 1483 504 uelut
1515 476 1677 505 carcere
1712 476 1807 504 con-

275 531 504 572 cluduntur
547 532 702 574 frustra
751 533 965 574 intuentes
1019 532 1240 573 ecclesiam
1285 534 1375 574 toto
1421 534 1575 575 mundo
1622 535 1808 576 construi

274 603 519 644 imminente
552 603 708 645 iudicio
742 606 959 657 tamquam
988 603 1163 645 diluuio.
1200 616 1279 656 quo
1308 606 1406 645 tunc
1436 618 1578 646 omnes
1605 605 1808 646 increduli

274 673 503 726 perierunt;
545 673 603 714 ait
642 674 796 727 quippe
837 674 1052 715 dominus:
1101 673 1242 715 Sicut
1280 674 1325 715 in
1374 675 1548 717 diebus
1594 675 1696 717 Noe
1740 676 1810 717 ita

276 745 371 785 erit
399 747 445 785 et
472 745 516 785 in
548 745 724 786 diebus
752 745 852 786 filii
880 745 1108 786 hominis.
1143 745 1521 788 manducabant.
1556 747 1807 789 bibebant.

274 816 541 866 nubebant,
593 829 771 857 uxores
827 816 1088 863 ducebant,
1143 816 1297 857 donec
1350 816 1564 858 intrauit
1612 818 1713 858 Noe
1764 818 1809 859 in

277 900 458 936 arcam3
498 887 641 928 uenit
681 887 930 928 diluuium
967 889 1013 928 et
1045 887 1268 940 perdidit
1306 900 1485 929 omnes.
1528 888 1600 930 sed
1634 889 1732 941 quia
1765 902 1810 929 ea

274 971 339 999 res
380 960 499 1014 gesta
538 959 665 1000 etiam
704 971 791 999 rem
830 958 1016 999 futuram
1057 958 1337 1012 significabat,
1375 959 1468 999 ideo
1508 959 1567 999 ibi
1601 959 1809 1001 diluuium

277 1031 318 1071 et
343 1030 603 1083 baptismum
630 1029 889 1084 significauit
915 1029 1111 1071 fidelibus
1141 1032 1181 1070 et
1207 1029 1450 1071 infidelibus
1476 1042 1667 1082 poenam,
1702 1031 1812 1072 sicut

274 1101 315 1142 in
354 1101 490 1155 figura
527 1114 605 1142 non
647 1101 707 1142 rei
747 1103 893 1155 gestae
934 1101 1006 1142 sed
1045 1103 1210 1142 tantum
1249 1101 1373 1142 modo
1414 1101 1563 1150 dictae,
1611 1102 1723 1154 quod
1763 1102 1810 1142 de

275 1172 413 1227 lapide
442 1173 647 1226 scriptum
676 1175 752 1222 est,
781 1185 861 1225 quo
891 1172 1154 1226 significatus
1184 1174 1248 1213 est
1270 1172 1477 1224 Christus,
1505 1172 1585 1214 duo
1609 1173 1811 1226 quaedam

275 1244 566 1298 praenuntiata
617 1247 728 1294 sunt,
786 1246 827 1285 et
876 1243 1119 1285 infidelibus
1174 1243 1473 1285 offendiculum
1526 1247 1567 1285 et
1616 1244 1811 1286 fidelibus

277 1316 526 1357 aedificium.
573 1315 796 1369 aliquando
843 1317 984 1356 autem
1023 1315 1064 1356 in
1106 1315 1248 1357 eadem
1293 1314 1428 1370 figura
1473 1316 1541 1357 uel
1587 1318 1707 1371 gesta
1744 1316 1812 1357 uel

278 1387 388 1428 dicta
429 1387 555 1428 etiam
596 1387 702 1428 duae
740 1400 806 1428 res
845 1400 975 1428 unum
1017 1387 1175 1439 aliquid
1223 1387 1473 1442 significant,
1520 1388 1631 1428 sicut
1667 1387 1812 1429 fideles

278 1458 627 1513 significauerunt
663 1458 792 1513 ligna,
840 1471 944 1512 quae
983 1458 1024 1498 in
1065 1470 1182 1499 arcae
1220 1458 1422 1499 fabricam
1470 1460 1663 1511 coaptata
1702 1463 1812 1509 sunt,

279 1529 532 1583 eosdemque
573 1530 699 1571 etiam
740 1531 833 1571 octo
874 1529 1051 1579 animae,
1092 1542 1196 1582 quae
1229 1530 1269 1570 in
1305 1529 1448 1570 eadem
1490 1542 1583 1571 arca
1613 1530 1813 1571 liberatae

280 1602 391 1651 sunt,
431 1614 512 1654 quo
552 1601 676 1643 modo
710 1601 751 1642 in
784 1601 859 1642 illa
892 1601 1135 1656 euangelica
1175 1601 1450 1642 similitudine
1484 1601 1533 1641 de
1568 1602 1671 1643 ouili
1702 1602 1813 1643 idem

278 1671 369 1725 ipse
403 1671 598 1714 Christus
627 1674 693 1714 est
725 1675 766 1714 et
797 1674 941 1726 pastor
974 1675 1015 1714 et
1046 1673 1181 1715 ianua.

340 1744 428 1785 Nec
448 1746 619 1785 moueat
640 1744 691 1785 ad
710 1744 1022 1798 impediendum
1044 1745 1176 1785 istum
1197 1744 1476 1794 intellectum,
1505 1744 1615 1798 quod
1636 1744 1813 1785 eundem

283 1814 498 1857 Christum
540 1815 643 1856 dixit
688 1817 905 1869 apostolus
944 1816 1095 1856 Petrus
1141 1815 1404 1868 praedicasse
1449 1815 1534 1856 illis
1572 1815 1612 1856 in
1652 1827 1813 1856 carcere

282 1887 507 1936 conclusis,
555 1888 626 1940 qui
673 1887 882 1940 quondam
926 1900 1005 1928 non
1052 1887 1313 1928 crediderant
1351 1887 1391 1928 in
1432 1887 1580 1928 diebus
1618 1886 1721 1936 Noe,
1767 1889 1815 1927 ut

281 1958 374 2000 ideo
420 1971 499 1999 non
547 1958 796 1999 arbitremur
840 1959 919 2000 1100
964 1958 1310 2013 intellegendum.
1363 1958 1460 2011 quia
1503 1958 1576 1998 1110
1627 1961 1814 2010 tempore

403 2143 422 2176 6
450 2142 534 2178 Luc.
565 2143 618 2184 17,
646 2143 803 2184 26-27;
833 2143 963 2178 Matth.
992 2143 1049 2186 24,
1071 2144 1212 2177 37—39
1292 2144 1332 2177 12
1353 2143 1411 2177 Ps.
1436 2144 1514 2183 117,
1535 2143 1597 2184 22;
1618 2143 1673 2177 ES.
1697 2144 1728 2177 S.
1754 2144 1811 2180 142

283 2202 338 2243 ⁵28,
369 2203 427 2243 16;
455 2202 548 2236 Dan.
575 2203 607 2243 2.
636 2203 697 2243 343
725 2202 786 2242 453
815 2202 946 2236 Matth.
974 2203 1030 2239 21.
1056 2202 1119 2243 423
1148 2202 1210 2242 44;
1232 2202 1317 2236 Luc.
1338 2202 1394 2242 20,
1418 2203 1572 2242 17-1&
1595 2202 1674 2236 Act.
1696 2204 1728 2238 4.
1752 2203 1811 2238 ll:

283 2262 382 2295 Rom.
412 2262 443 2302 9,
472 2261 516 2295 33
594 2262 634 2295 17
664 2262 726 2297 EX.
755 2262 810 2303 26,
839 2262 899 2301 25;
930 2262 986 2301 3ss,
1015 2261 1076 2302 303
1104 2261 1121 2294 Ι
1147 2261 1243 2294 Petr.
1272 2262 1304 2301 3,
1326 2261 1370 2295 '20
1449 2262 1489 2295 19
1516 2261 1591 2294 1011.
1623 2261 1675 2296 10.
1706 2263 1741 2302 Τς
1772 2261 1810 2294 11

334 2380 349 2414 1
379 2380 568 2421 fabricato.
595 2392 638 2414 m.
667 2384 685 2414 1
712 2391 801 2414 corr.
830 2380 1018 2414 fabricatio
1046 2380 1095 2414 M
1166 2380 1185 2413 3
1212 2380 1339 2424 forma]
1366 2380 1479 2414 forma
1506 2381 1540 2414 in
1568 2380 1603 2413 P
1699 2380 1812 2423 uelut!

284 2441 387 2474 uelut
411 2440 447 2474 in
475 2440 510 2474 P
606 2442 625 2474 5
652 2440 793 2484 tamqui
823 2439 853 2473 C
949 2440 1009 2484 qui
1035 2439 1108 2473 FG
1137 2442 1195 2479 (m.
1224 2442 1248 2473 2
1274 2441 1358 2484 quo)
1458 2441 1477 2473 6
1504 2439 1582 2473 Noc
1608 2440 1660 2473 ita
1687 2440 1754 2473 erit
1781 2446 1816 2472 et

284 2500 320 2533 in
349 2500 475 2534 diebus
503 2500 557 2533 bis
583 2500 617 2533 A
693 2500 712 2533 7
741 2502 776 2533 et
802 2510 869 2533 om.
897 2499 938 2533 K
1009 2500 1030 2533 8
1057 2499 1092 2532 in
1123 2510 1203 2533 arca
1228 2499 1263 2532 P
1335 2500 1355 2533 9
1383 2501 1419 2533 et
1445 2510 1510 2533 om.
1538 2498 1581 2532 K
1650 2499 1692 2532 10
1719 2498 1813 2531 sutu-

285 2570 359 2593 ram
386 2570 460 2593 rem
487 2559 565 2593 edd.
656 2559 698 2592 12
725 2559 840 2602 figura
867 2558 910 2592 K
1005 2561 1146 2603 gestae*
1173 2558 1236 2591 sed
1264 2558 1349 2600 (fuit
1375 2561 1404 2600 s)
1432 2558 1467 2591 P
1558 2559 1600 2592 13
1627 2558 1812 2601 seriptum]

287 2618 422 2653 dictum
449 2618 492 2652 K
605 2617 700 2662 quod
728 2617 767 2652 F
788 2618 823 2651 in
852 2629 920 2663 quo
948 2618 983 2651 P
1081 2618 1123 2651 14
1150 2617 1403 2651 offendiculum
1431 2619 1467 2650 et
1492 2617 1657 2651 fidelibus
1684 2628 1749 2651 om.
1777 2616 1818 2649 K

289 2678 330 2711 16
359 2677 496 2721 aliquid
523 2689 630 2711 unuin
659 2677 736 2711 edd.
827 2678 869 2711 17
896 2677 996 2721 ligna
1023 2687 1089 2711 om.
1117 2676 1157 2709 K
1254 2676 1387 2710 fabrica
1414 2675 1526 2709 KPG
1624 2679 1752 2719 coapta
1778 2674 1820 2707 K

290 2739 331 2771 18
359 2738 497 2771 animae
525 2740 606 2771 octo
634 2737 713 2772 edd.
773 2737 815 2770 19
843 2736 907 2770 deo
927 2736 929 2740 ’
948 2735 1011 2769 11111
1037 2736 1085 2769 M
1138 2735 1184 2769 20
1211 2734 1390 2779 Christus}
1420 2735 1583 2768 dominus
1611 2734 1764 2767 christus
1789 2735 1817 2763 ('

288 2798 328 2831 21
360 2797 403 2830 ad
430 2796 691 2841 impedimtum,
722 2808 766 2830 m.
794 2798 819 2829 2
844 2795 1101 2840 impedimdum
1128 2795 1174 2828 M
1199 2794 1243 2828 ad
1269 2794 1552 2839 inpedimentum
1579 2793 1649 2827 FA

1837 974 1871 999 10

1839 1328 1871 1354 15

1841 1685 1874 1712 20
