1844 3122
62 954 94 978 10

60 1310 93 1336 15

59 2021 92 2047 25

617 173 966 218 epistularum
1006 172 1161 207 CXXVI.
1601 176 1647 215 11

123 303 430 345 fraudulentam
469 303 764 345 necessitatem
804 303 956 358 putari.
995 303 1156 357 placuit
1197 306 1348 354 tamen,
1390 307 1436 345 ut
1481 303 1530 345 de
1574 304 1653 346 hac

122 387 165 416 re
197 374 344 428 populi
375 374 561 415 animum
593 374 885 428 experiremur,
921 377 961 415 et
994 374 1098 416 nihil
1138 375 1251 416 aliud
1285 388 1410 429 quam
1449 375 1506 426 id,
1540 376 1652 428 quod

122 447 436 498 putaueramus,
464 445 714 487 inuenimus.
747 458 842 486 nam
876 458 972 487 cum
1005 445 1095 486 eius
1130 445 1258 487 uerba
1284 459 1307 487 a
1334 446 1506 488 diacono
1541 446 1653 488 dicta

122 516 395 558 recitarentur
420 519 462 557 et
482 516 621 558 omnia
647 516 920 570 placuissent,
943 516 1014 558 ubi
1040 529 1187 558 nomen
1213 517 1483 571 interpositae
1511 530 1651 559 neces-

122 587 260 628 sitatis
292 586 492 637 insonuit‚
526 587 724 629 continuo
757 587 1031 628 reclamatum
1067 590 1132 628 est
1163 588 1473 641 promissioque
1508 587 1650 642 displi-

120 658 210 699 cuit
240 658 428 700 tumultu
461 658 778 700 recrudescente
814 659 855 700 et
886 658 989 699 nihil
1023 659 1137 699 aliud
1173 672 1296 712 quam
1329 658 1473 700 fraude
1507 672 1649 700 secum

120 729 188 784 agi
214 730 369 783 populo
397 729 673 771 existimante.
701 729 813 783 quod
840 742 935 771 cum
958 733 1128 771 sanctus
1156 730 1269 771 filius
1296 732 1437 771 noster
1457 730 1653 779 uidisset,

119 800 246 842 iussit
276 800 372 842 inde
404 800 558 841 auferri
591 813 740 842 nomen
776 801 1042 842 necessitatis
1077 813 1328 855 rursumque
1362 801 1413 842 ad
1444 801 1651 842 laetitiam

119 872 302 925 populus
335 871 553 912 remeauit.

178 943 233 984 Et
264 944 311 984 ut
341 942 636 984 lassitudinem
669 955 921 992 recusarem,
950 942 1038 984 sine
1072 955 1139 984 me
1172 942 1220 984 ad
1255 942 1422 996 plebem
1455 941 1651 983 accedere

119 1013 272 1063 noluit;
302 1014 430 1055 simul
456 1013 728 1055 accessimus.
751 1014 855 1055 dixit
881 1027 942 1064 ea,
971 1026 1075 1067 quae
1100 1026 1122 1054 a
1149 1013 1322 1055 diacono
1351 1013 1494 1054 audita
1521 1015 1650 1061 erant.

120 1097 164 1126 se
195 1084 430 1135 mandasse,
465 1097 509 1127 se
540 1084 701 1127 iurasse
735 1097 866 1138 eaque
906 1097 950 1125 se
989 1097 1081 1126 esse
1120 1085 1329 1126 facturum
1369 1084 1655 1138 continuoque

120 1156 259 1198 omnia
297 1169 344 1199 eo
382 1159 539 1209 tenore,
579 1169 660 1209 quo
699 1156 947 1203 dictauerat,
988 1158 1237 1209 prosecutus
1278 1158 1356 1197 est.
1401 1168 1647 1209 responsum

121 1230 203 1268 est:
231 1228 333 1269 ‘Deo
355 1227 527 1282 gratias’
553 1229 594 1269 et
617 1227 812 1280 petitum,
834 1228 882 1269 ut
901 1229 1040 1269 totum
1068 1228 1274 1281 scriptum
1301 1227 1648 1269 subscriberetur.

120 1299 357 1341 dimisimus
411 1298 734 1340 catechumenos
788 1298 1069 1352 continuoque
1121 1299 1326 1352 scriptum
1384 1298 1650 1351 subscripsit.

120 1370 266 1412 deinde
310 1369 398 1422 peti
443 1369 659 1422 coepimus
698 1382 772 1411 nos
813 1369 1002 1424 episcopi
1044 1383 1123 1411 non
1165 1370 1341 1412 uocibus
1387 1369 1531 1423 populi
1577 1370 1649 1410 sed

118 1445 258 1484 tamen
298 1455 321 1483 a
358 1441 514 1495 populo
563 1453 635 1493 per
678 1441 878 1483 honestos
924 1441 1083 1491 fideles,
1128 1445 1177 1482 ut
1221 1453 1295 1482 nos
1341 1453 1507 1494 quoque
1553 1441 1649 1482 sub-

120 1514 415 1556 scriberemus.
449 1516 491 1554 at
522 1512 595 1554 ubi
629 1512 746 1565 coepi
780 1512 1058 1561 subscribere.
1094 1515 1238 1554 sancta
1269 1512 1452 1554 Melania
1491 1514 1651 1554 contra-

120 1585 235 1627 dixit.
268 1585 445 1626 miratus
479 1597 586 1634 sum,
614 1596 741 1637 quare
772 1586 858 1625 tam
893 1596 998 1634 sero,
1026 1583 1147 1637 quasi
1179 1584 1501 1638 promissionem
1532 1583 1648 1624 illam

60 1666 75 1690 ‘2
121 1660 162 1698 et
192 1656 442 1699 iurationem
469 1668 544 1697 nos
577 1668 658 1697 non
686 1655 991 1696 subscribendo
1019 1655 1154 1696 facere
1179 1667 1403 1708 possemus
1430 1655 1648 1697 infectam:

120 1728 194 1769 sed
226 1729 365 1769 tamen
398 1726 689 1780 obtemperaui
729 1738 775 1768 ac
816 1726 876 1767 sic
915 1726 1116 1768 remansit
1149 1738 1241 1768 mea
1280 1739 1358 1768 non
1397 1727 1520 1780 plena
1553 1726 1650 1767 sub-

120 1799 291 1853 scriptio
324 1810 399 1840 nec
431 1797 544 1839 ultra
574 1797 695 1839 nobis
729 1797 969 1851 quisquam,
997 1799 1046 1838 ut
1078 1797 1455 1847 subscriberemus,
1482 1797 1651 1850 putauit

118 1869 375 1912 instandum.

179 1939 260 1991 Qui
287 1942 427 1982 autem
455 1939 535 1981 alio
563 1938 644 1989 die,
664 1941 940 1992 posteaquam
960 1938 1101 1992 ipsum
1124 1938 1373 1980 discessisse
1400 1938 1650 1990 didicerunt,

118 2011 273 2053 fuerint
304 2012 446 2052 motus
481 2010 550 2051 uel
579 2010 749 2065 linguae
782 2009 1014 2059 hominum,
1051 2011 1253 2062 quantum
1287 2009 1389 2051 satis
1423 2009 1650 2051 arbitratus

119 2095 227 2131 sum,
267 2081 480 2125 sanctitati
517 2084 685 2123 uestrae
723 2094 796 2136 per
822 2081 1207 2123 'commonitorium
1252 2080 1445 2122 intimare
1490 2082 1648 2123 curaui.

119 2154 311 2209 quisquis
342 2153 485 2207 itaque
517 2152 641 2195 uobis
674 2152 877 2194 contraria
910 2151 990 2197 his.
1024 2164 1129 2205 quae
1162 2151 1340 2201 narraui,
1375 2151 1480 2193 forte
1514 2165 1650 2194 narra-

169 2304 182 2337 1
214 2302 495 2348 fraudulentam]
523 2302 788 2337 fraudulentam
817 2315 894 2338 esse
927 2303 961 2337 U
1063 2304 1081 2338 7
1111 2303 1204 2349 quod
1231 2303 1266 2348 (o
1292 2315 1318 2338 s.
1349 2306 1397 2346 ιι.)
1430 2303 1461 2338 V
1486 2302 1581 2348 quod
1607 2314 1653 2337 ex

119 2362 204 2406 quid
237 2362 267 2396 U
388 2362 481 2396 filius
507 2364 652 2397 sanctus
678 2362 791 2407 scynis
817 2373 907 2398 corr.
939 2362 972 2397 T
1073 2363 1093 2397 8
1121 2374 1312 2406 rursusque
1345 2362 1379 2398 U
1477 2363 1519 2397 10
1547 2365 1586 2396 ut
1613 2366 1649 2396 et

118 2422 247 2466 (siquis
277 2432 369 2458 corr.
402 2424 439 2456 ct
470 2421 525 2467 ut)
555 2421 806 2456 lassitudinem
839 2432 1040 2456 recusarem
1072 2422 1108 2458 R
1140 2424 1177 2456 et
1209 2432 1252 2456 ne
1287 2424 1319 2465 (e
1352 2433 1395 2458 m.
1431 2423 1456 2456 2
1489 2422 1526 2455 in
1560 2424 1648 2463 ras.)

119 2480 368 2515 lassitudinem
395 2491 596 2515 recusarem
624 2480 657 2515 V
675 2483 711 2514 et
730 2492 808 2514 eum
835 2480 1087 2515 lassitudinem
1110 2492 1314 2515 excusarem
1335 2481 1414 2515 edd.
1469 2481 1507 2514 11
1532 2480 1649 2514 uoluit

125 2540 156 2574 t*
230 2540 261 2574 ei
287 2539 367 2574 cdd.
421 2540 463 2574 12
490 2550 604 2585 eaque
631 2540 683 2574 sic
709 2551 786 2574 esse
813 2539 847 2574 U
896 2540 938 2573 15
966 2539 1153 2574 diuisimus
1187 2540 1220 2574 V
1241 2542 1346 2583 (corr.
1374 2539 1590 2582 dimisimus)
1619 2539 1656 2574 U

123 2600 163 2634 16
191 2600 265 2644 peti
292 2600 451 2644 cepimus
477 2599 566 2644 (peti
594 2610 656 2644 cep
686 2610 728 2633 m.
756 2601 781 2633 2
808 2600 847 2633 in
870 2601 959 2642 ras.)
991 2599 1025 2633 V
1048 2599 1171 2644 petim‘
1199 2601 1258 2642 (ιη’
1288 2600 1371 2641 del.)
1398 2599 1476 2644 cepi
1502 2602 1561 2642 (m.
1591 2600 1650 2634 2?

119 2669 209 2693 corr.
238 2658 411 2703 cepimus)
443 2657 478 2692 U
570 2658 655 2702 nonl
683 2661 724 2692 ut
755 2658 789 2692 U
898 2648 939 2692 1?
967 2658 1150 2702 honostos‚
1177 2670 1222 2692 m.
1251 2661 1269 2692 1
1298 2669 1388 2693 corr.
1416 2658 1586 2692 honestos
1623 2657 1654 2691 T

123 2718 164 2750 18
190 2717 286 2762 cepit
316 2716 348 2751 T
466 2716 621 2751 melania
645 2717 718 2761 (lan
745 2729 789 2751 m.
819 2720 844 2751 2
870 2717 909 2750 in.
934 2719 1024 2754 ras)
1057 2717 1089 2751 V
1112 2717 1268 2752 menalia
1299 2717 1333 2750 {f
1454 2717 1495 2752 19
1523 2719 1646 2761 qnare}

121 2776 222 2820 quasi
255 2774 289 2809 U
384 2776 486 2820 quasi
512 2786 580 2810 om.
613 2775 649 2810 U
717 2776 762 2809 22
790 2776 980 2820 quicquam
1008 2779 1048 2810 ut
1075 2776 1310 2810 scriberemus
1343 2775 1374 2809 T
1445 2776 1488 2809 27
1516 2775 1584 2809 hiis
1620 2776 1653 2809 V
