1952 3118
47 1520 150 1563 762

157 972 190 996 10

156 1327 188 1351 15

739 187 1089 232 epistularum
1132 187 1233 222 CXL.
1661 191 1743 231 207

219 319 318 359 sunt
349 330 395 359 ex
422 318 497 359 eis.
526 317 597 371 qui
630 330 721 358 sua
756 320 1165 370 q11ae1·unt‚n0n
1201 331 1330 371 quae
1367 319 1487 360 lesu
1522 318 1743 361 Christi.

217 387 411 441 denique,
439 388 519 429 etsi
546 400 640 429 caro
666 400 823 430 eorum.
852 388 922 440 qni
951 400 1046 428 eum
1073 388 1258 439 laudant⁷
1285 389 1445 441 patitur
1470 389 1744 443 temporalem

216 458 530 500 tribulationem
594 458 663 500 uel
726 461 918 501 mortem.
983 458 1176 500 uiuent
1238 459 1397 501 corda
1461 473 1637 502 eorum
1697 460 1745 501 in

218 530 495 571 saeculum
535 530 758 571 saeculi.
799 529 900 571 haec
941 530 1027 570 uita
1071 530 1207 571 cordis
1247 543 1326 571 non
1367 533 1431 572 est
1468 531 1508 572 in
1550 531 1745 572 sensibus

218 600 423 653 corporis;
457 604 618 642 secreta
650 604 716 642 est
747 601 786 641 in
821 601 928 642 luce.
963 613 1068 654 quae
1100 601 1215 643 intus
1249 603 1328 647 est,
1361 615 1440 644 non
1473 602 1514 643 in
1548 602 1745 649 tenebris,

217 684 322 724 quae
353 672 454 713 foris
488 675 600 721 sunt,
633 672 674 712 in
706 671 786 713 fine
819 673 1045 726 praecepti,
1078 685 1157 713 non
1186 673 1227 713 in
1254 672 1374 715 initio
1401 673 1579 727 peccati.
1613 673 1744 714 finis

216 746 391 783 autem
449 743 727 796 praecepti
786 746 869 784 est
926 743 1130 784 caritas
1183 742 1242 784 de
1294 744 1450 785 eorde
1508 756 1637 797 puro
1696 747 1746 784 et

217 814 558 855 conscientia
602 814 735 856 bona
782 816 831 854 et
874 814 984 855 fide
1029 826 1125 855 non
1172 813 1319 856 ficta.
1367 814 1585 863 caritas,
1637 827 1742 867 quae

215 897 310 926 non
363 886 681 933 aemulatur,
733 899 829 927 non
882 885 1128 929 inflatur.
1174 886 1273 938 quia
1317 898 1394 927 non
1442 886 1574 927 altum
1620 886 1744 938 sapit,

216 955 288 996 sed
332 956 472 998 timet:
531 959 574 998 et
630 957 723 998 ideo
770 957 964 998 cohaeret
1014 957 1165 998 timore
1223 959 1352 1005 casto,
1392 959 1659 1011 permanente
1705 957 1745 997 in

215 1028 432 1069 saeculum
467 1028 639 1069 saeculi.
672 1028 890 1069 initium
927 1030 1067 1069 autem
1109 1028 1280 1069 omnis
1319 1029 1533 1081 peccati
1568 1041 1745 1082 super-

216 1098 313 1141 bia.
347 1112 429 1152 qua
461 1099 654 1140 diabolus
694 1099 1034 1141 inreuocabiliter
1071 1100 1111 1140 in
1153 1100 1355 1140 exteriora
1392 1111 1643 1154 progressus
1683 1103 1747 1140 est

213 1169 509 1224 hominemque
546 1170 770 1212 inuidendo
805 1173 847 1212 et
879 1171 916 1212 ei
950 1170 1087 1211 simile
1128 1170 1287 1223 aliquid
1326 1170 1539 1211 suadendo
1579 1170 1745 1211 deiecit.

214 1241 281 1282 cui
326 1241 484 1283 homini
529 1242 570 1283 in
617 1242 796 1295 quadam
843 1242 1050 1296 scriptura
1094 1241 1266 1283 dieitur:
1313 1241 1448 1293 Quid
1495 1241 1746 1295 superbit

214 1315 359 1354 terra
387 1316 438 1354 et
465 1313 619 1363 einis,
655 1313 903 1366 quoniam
932 1314 979 1354 in
1009 1313 1123 1354 uita
1158 1326 1250 1354 sua
1282 1312 1520 1366 proiecit
1552 1312 1745 1354 intima

214 1387 338 1425 sua?
384 1384 436 1425 ‘in
482 1385 572 1426 uita
610 1389 701 1426 sua’
741 1385 899 1426 dietum
942 1388 1008 1425 est
1046 1388 1263 1438 tamquam
1303 1384 1343 1424 in
1383 1384 1552 1437 propria
1592 1396 1667 1425 sua
1716 1387 1757 1425 et

213 1455 333 1508 quasi
368 1456 545 1509 priuata,
580 1469 661 1509 qua
694 1456 927 1497 delectatur
960 1456 1096 1497 omnis
1132 1455 1342 1508 superbia.

275 1527 392 1569 Unde
419 1527 570 1569 caritas
590 1528 630 1568 in
654 1540 876 1569 commune
903 1528 1038 1582 magis
1067 1540 1191 1581 quam
1213 1527 1251 1568 in
1281 1527 1492 1580 priuatum
1519 1527 1745 1568 consulens

213 1598 367 1640 dicitur
404 1612 482 1639 non
524 1611 733 1652 quaerere.
780 1612 886 1651 quae
937 1611 1014 1639 sua
1065 1600 1172 1640 sunt.
1219 1598 1294 1638 hae
1340 1598 1494 1638 uiuunt
1537 1597 1658 1638 corda
1703 1597 1743 1638 in

214 1670 430 1711 saeculum
478 1670 636 1711 saeculi
681 1673 896 1724 tamquam
949 1673 1137 1711 saturata
1180 1682 1285 1723 pane
1337 1668 1524 1718 caelesti,
1570 1668 1619 1709 de
1664 1681 1746 1721 qua

214 1740 316 1782 dicit
336 1741 426 1794 ipse
447 1744 673 1782 saturator:
702 1741 822 1782 Nisi
848 1740 1315 1782 manducaueritis
1345 1752 1553 1781 carnem
1581 1752 1743 1780 meam

215 1814 265 1853 et
310 1812 624 1867 sanguinem
677 1812 950 1863 biberitis,
996 1825 1090 1853 non
1143 1811 1423 1853 habebitis
1476 1811 1642 1853 uitam
1696 1811 1743 1851 in

214 1882 384 1923 uobis.
418 1883 568 1924 merito
601 1895 699 1938 ergo
731 1883 924 1924 istorum.
960 1883 1029 1937 qui
1064 1886 1318 1931 saturantur,
1354 1883 1502 1924 uiuent
1541 1882 1665 1924 corda
1705 1883 1743 1923 in

215 1954 430 1995 saeculum
479 1954 650 1995 saeculi.
695 1953 785 1995 uita
836 1955 944 1995 enim
992 1954 1185 1995 Christus
1239 1956 1316 1996 est.
1370 1955 1440 2007 qui
1493 1954 1655 1995 habitat
1706 1954 1743 1993 in

335 2116 349 2149 1
379 2115 471 2150 Phil.
499 2116 531 2160 2,
559 2115 599 2149 21
696 2116 716 2150 3
744 2116 801 2152 Ps.
829 2117 883 2150 21.
913 2117 957 2150 27
1051 2117 1071 2149 6
1100 2116 1114 2150 1
1143 2116 1232 2150 Tim.
1263 2117 1292 2155 1,
1321 2117 1341 2150 5
1440 2117 1461 2150 8
1489 2116 1504 2150 Ι
1532 2115 1612 2150 Cor.
1643 2117 1696 2152 13.
1723 2117 1744 2150 4

213 2175 234 2209 9
261 2175 360 2209 Rom.
391 2175 444 2215 11,
472 2175 534 2211 20:
562 2175 619 2209 Ps.
650 2175 703 2218 18,
734 2176 776 2209 lo
865 2176 923 2211 ll:
955 2177 996 2209 14
1023 2175 1134 2210 Eccli.
1167 2176 1219 2219 lo,
1250 2176 1308 2216 152
1337 2175 1455 2210 9—10
1550 2176 1591 2210 19
1622 2176 1635 2209 Ι
1664 2177 1742 2210 Cor.

216 2235 271 2278 13,
297 2236 318 2267 5
379 2234 420 2268 ‘21
452 2235 525 2268 Ioh.
554 2236 585 2271 6.
613 2236 657 2269 54
732 2235 777 2268 24
805 2234 879 2268 Ioh.
911 2235 964 2272 11,
991 2235 1053 2270 25:
1084 2235 1138 2271 14,
1166 2236 1203 2271 6:
1232 2234 1325 2279 Eph.
1354 2236 1387 2277 3,
1418 2235 1482 2271 172
1506 2234 1542 2268 II
1570 2234 1648 2269 Cor.
1671 2236 1702 2270 5.
1726 2236 1744 2268 Τ

264 2319 278 2352 1
303 2318 387 2362 non]
417 2317 478 2352 sed
510 2318 539 2349 l)
588 2318 609 2351 2
636 2318 720 2362 quia
748 2318 816 2351 Lo
866 2319 886 2351 ἶ)
913 2318 1067 2361 secreta]
1097 2317 1158 2350 sed
1187 2322 1306 2352 creata
1336 2317 1410 2352 GT
1483 2317 1516 2350 in
1544 2317 1623 2351 luce
1651 2329 1742 2361 quae

214 2377 310 2411 intus
338 2379 407 2421 est]
432 2377 529 2411 intus
555 2377 589 2411 in
617 2377 695 2411 luce
728 2377 760 2411 T
855 2379 875 2410 6
902 2388 972 2411 non
1000 2377 1104 2410 initio
1132 2375 1278 2411 LORT
1376 2378 1394 2411 7
1424 2377 1553 2410 caritas
1582 2379 1636 2410 est
1662 2375 1740 2410 edd.

218 2436 260 2470 10
274 2436 393 2470 timori
406 2436 520 2470 GNT
597 2437 819 2481 permanenti
839 2435 984 2479 (r'N(e.1:
1011 2436 1190 2478 r1t3.;fuit
1207 2439 1450 2480 permanente»
1469 2435 1501 2469 T
1552 2436 1592 2469 12
1608 2446 1697 2479 quae
1715 2434 1745 2468 L

217 2495 300 2539 quia
326 2495 402 2529 NT
453 2496 494 2529 13
520 2495 656 2540 aliquid
682 2496 799 2529 simile
834 2495 862 2528 'J'
913 2496 954 2528 14
983 2494 1068 2539 quid
1097 2494 1135 2535 (d
1161 2506 1204 2528 ea:
1229 2506 1319 2529 corr.
1349 2506 1391 2529 m.
1421 2496 1458 2537 2)
1485 2494 1519 2529 R
1572 2494 1613 2528 16
1642 2494 1676 2527 in
1710 2493 1745 2527 in

216 2555 359 2599 propria
385 2555 417 2588 L
542 2556 582 2588 19
610 2554 677 2588 hae
703 2566 746 2588 ex
771 2565 880 2595 corr.‚·
899 2555 983 2598 fuit
1010 2554 1077 2588 hoc
1104 2553 1144 2587 N
1261 2553 1380 2587 <eorda
1408 2565 1525 2587 eorum
1555 2553 1589 2586 in
1618 2552 1673 2592 N.-
1699 2552 1745 2595 ef.

216 2624 251 2647 u.
280 2616 330 2647 23
402 2614 448 2647 20
476 2625 554 2657 qua,
583 2625 623 2648 m.
654 2616 678 2647 2
703 2624 793 2647 corr.
824 2614 897 2647 uid.
926 2625 995 2658 quo
1024 2612 1059 2647 R
1146 2613 1188 2646 21
1219 2613 1307 2647 dixit
1339 2613 1370 2647 T
1464 2615 1645 2645 saturator
1671 2611 1746 2655 ipse

219 2671 304 2706 dicit
330 2673 420 2706 lrm
447 2673 637 2706 saturitate
665 2673 742 2716 ipse
769 2672 857 2706 «licit
884 2676 962 2706 cett.
991 2671 1096 2706 edas
1146 2683 1200 2706 me
1239 2683 1352 2706 meam
1382 2671 1413 2704 L
1464 2671 1507 2704 22
1535 2670 1744 2714 sanguin-2111

217 2741 333 2765 meum
360 2731 524 2765 biberitis
550 2731 627 2764 edd.
656 2743 722 2765 sec.
749 2742 843 2765 sacr.
873 2731 939 2764 litt.
1087 2731 1132 2764 23
1167 2731 1314 2764 istorum
1345 2731 1419 2774 quil
1456 2734 1589 2763 surum
1618 2740 1689 2772 qua
1718 2728 1746 2761 L

266 2790 393 2823 uiuunt
408 2789 484 2823 ΝΤ
496 2790 661 2835 Euyae'ppi
681 2790 783 2825 codd.
804 2791 979 2825 nonnulla·
1070 2790 1190 2834 cor-la}
1211 2789 1318 2824 corda
1339 2800 1458 2823 eorum
1482 2787 1570 2830 1,N‚·
1591 2790 1638 2831 cf.
1653 2799 1687 2821 u.
1706 2790 1748 2821 19
