1844 3122
107 198 163 238 34
586 195 621 228 S.
658 194 840 228 Aureli
879 193 1162 237 Augustini

167 324 373 379 Optamus
406 327 460 374 te,
488 324 561 373 fili,
588 324 628 364 111
670 323 836 365 (101111110
871 323 974 364 110110
1000 323 1153 365 ualere.
1187 323 1385 365 Aurelius
1414 323 1635 377 episcopus

107 397 308 438 ecclesiae
348 396 576 436 catholicae
618 394 960 448 Carthaginensis
999 394 1097 434 huic
1136 394 1344 447 epistulae
1390 394 1635 448 subscripsi.

168 465 289 522 [lteni
324 467 404 507 alia
437 464 596 522 manuz]

166 538 361 578 Siluanus
396 550 518 579 senex
551 536 752 578 ecclesiae
787 535 1049 577 Summensis
1083 536 1327 589 subscripsi.

777 700 963 742 CXXIX.
1681 722 1695 746 5

106 793 409 830 HONORABILI
446 793 507 829 AC
546 793 887 829 DILECTISSIMO
927 794 1058 829 FILIO
1098 794 1138 827 V.
1179 793 1216 829 C.
1256 794 1314 828 ΕΤ
1355 793 1638 829 SPECTABILI

105 853 319 888 TRIBUNO
346 854 405 888 ΕΤ
438 853 652 888 NOTARIO
686 853 1001 888 MARCELLINO
1035 854 1286 898 AURELIUs,
1315 853 1545 888 SILVANUS
1578 853 1636 887 ET

459 912 691 948 UNIVERSI
715 912 940 947 EPISCOPI
966 913 1280 948 CATHOLIcAE.

164 998 349 1039 Multum
383 1010 456 1038 nos
491 997 697 1038 sollicitos
732 997 915 1038 reddidit
951 998 1113 1039 notoria
1152 998 1220 1038 uel
1257 998 1422 1038 litterae
1460 998 1636 1038 fratrum

104 1072 355 1118 nostrorum,
396 1081 500 1122 quos
541 1069 734 1122 cupimus
774 1068 825 1109 ad
865 1069 1114 1110 catholicam
1157 1082 1302 1123 pacem
1342 1082 1365 1109 a
1402 1068 1636 1122 perniciosa
1664 1084 1696 1109 10

106 1140 366 1180 dissensione
406 1139 607 1190 conuerti,
644 1139 755 1193 quod
790 1140 926 1181 edicto
960 1140 1194 1181 nobilitatis
1234 1142 1345 1189 tuae,
1382 1153 1461 1193 quo
1501 1139 1635 1192 ipsius

105 1210 405 1263 disputationis
439 1213 604 1252 nostrae
631 1211 930 1264 tranquillitati
958 1211 1172 1264 quietique
1199 1210 1437 1264 prouidisti‚
1467 1223 1637 1252 consen-

104 1282 181 1323 tire
215 1283 451 1331 noluerunt„
479 1295 528 1323 ne
555 1282 660 1323 forte
689 1282 856 1323 etiamsi
883 1295 963 1323 non
999 1295 1141 1323 omnes
1170 1282 1298 1335 aliqui
1325 1284 1464 1323 tamen
1494 1295 1635 1323 eorum

106 1366 177 1405 por
215 1353 501 1394 multitudinis
541 1354 775 1395 tumultum
815 1367 889 1395 seu
929 1354 1151 1407 strepitum
1198 1354 1491 1402 conlationem
1532 1366 1636 1406 quae

105 1424 277 1476 pacifica
311 1426 352 1465 et
383 1427 530 1478 pacata
563 1438 656 1466 esse
691 1425 827 1467 debet.
866 1425 1110 1478 impediant.
1157 1427 1281 1478 atque
1320 1425 1482 1466 utinam
1520 1425 1635 1478 ipsos
1663 1439 1695 1464 15

106 1508 183 1535 non
223 1497 477 1549 pertemptet
521 1497 603 1537 ista
648 1495 849 1551 cogitatio
893 1498 934 1537 et
977 1509 1051 1537 nos
1089 1496 1232 1549 potius
1277 1496 1396 1537 fallat
1443 1496 1526 1537 ista
1571 1509 1638 1537 su-

106 1566 256 1618 spicio!
294 1569 334 1607 et
366 1567 459 1607 ideo
495 1567 530 1609 si
569 1567 705 1609 uelint
743 1580 886 1609 omnes
928 1580 1019 1608 esse
1058 1569 1312 1620 praesentes,
1345 1569 1406 1616 ut,
1441 1580 1536 1608 cum,
1577 1567 1637 1607 eis

107 1637 247 1677 uisum
279 1638 417 1687 fuerit,
447 1639 711 1694 congregatis
744 1639 846 1680 illuc
880 1639 1007 1680 etiam
1038 1639 1158 1680 nobis
1193 1639 1317 1679 simul
1350 1638 1446 1679 inde
1481 1638 1637 1692 egredi-

107 1722 227 1749 amur
259 1710 483 1751 concordes
517 1713 641 1764 atquc
675 1711 812 1764 pacati
846 1713 887 1751 et
914 1711 1185 1752 schismatica.
1217 1711 1423 1751 diuisione
1456 1712 1637 1752 correcta

107 1779 287 1821 fraterno
321 1781 495 1822 unitatis
530 1781 687 1823 Christi
725 1782 895 1823 uinculo
936 1782 1128 1823 obstricti
1166 1782 1417 1822 mirantibus
1459 1783 1500 1822 et
1537 1794 1636 1835 gau-
1664 1795 1696 1819 20

110 1849 304 1891 dentibus
339 1852 532 1893 omnibus
566 1853 688 1894 bonis
729 1853 894 1894 dolente
935 1854 1075 1893 autem
1117 1853 1204 1894 solo
1246 1852 1410 1893 diabolo
1445 1854 1486 1893 et-
1524 1852 1637 1892 simi-

106 1920 220 1962 libus
254 1921 342 1963 eius
376 1923 531 1975 pariter
562 1924 603 1963 in
637 1924 859 1964 ecclesiam
894 1923 944 1964 ad
972 1924 1200 1978 gratiarum
1234 1923 1438 1964 actionem
1473 1922 1637 1963 laudes-

109 2004 186 2043 que
228 1992 302 2033 deo
341 1993 571 2035 reddendas
611 1994 906 2036 ardentissima
946 1997 987 2035 et
1029 1994 1292 2036 lucidissima
1338 1994 1508 2035 caritate
1548 2006 1638 2046 per-

107 2065 275 2116 gamus!

168 2133 278 2184 Quid
324 2135 431 2175 enim
477 2149 675 2190 magnum
722 2139 798 2188 est,
846 2137 881 2179 si
927 2137 1074 2178 oculus
1126 2139 1300 2191 pacatus
1353 2136 1551 2177 adtendat
1595 2138 1636 2176 et
1664 2149 1696 2174 25

108 2204 308 2258 cogitatio
343 2205 579 2247 Christiana
611 2221 690 2249 11011
725 2207 888 2249 deserat
922 2207 1182 2250 considerare
1216 2209 1258 2249 et
1289 2207 1431 2248 uidere
1464 2206 1635 2247 remotis

106 2275 301 2317 humanis
342 2277 702 2319 criminationibus
744 2292 816 2320 seu
854 2280 965 2321 ueris
1009 2292 1082 2321 seu
1127 2279 1246 2321 falsis
1291 2279 1332 2320 in
1378 2279 1437 2321 eis
1482 2278 1634 2319 litteris

159 2448 173 2480 1
205 2449 257 2492 ep'
288 2448 371 2493 ‹gccl'
401 2449 528 2483 cathol*
557 2450 649 2494 Kag'
677 2451 712 2484 P
782 2453 803 2485 4
832 2453 915 2486 cccl³
945 2454 1117 2486 sumnicn'
1145 2453 1179 2486 P

227 2565 331 2598 Idem
357 2565 469 2614 coclea:
494 2566 538 2607 P,
565 2568 628 2611 qut?
656 2568 693 2601 fn
720 2580 772 2612 ep.
804 2569 1033 2603 CXXVIII.

157 2672 177 2705 0
205 2659 234 2703 [J
268 2660 293 2705 C*
320 2671 355 2705 P
491 2673 509 2706 7
538 2673 659 2707 TRIB'
687 2674 747 2708 ET
775 2676 884 2709 nor
911 2676 946 2710 P
1065 2678 1086 2711 s
1113 2677 1283 2711 eathonci
1309 2689 1360 2720 m,·
1386 2676 1432 2720 cf.
1452 2687 1491 2720 p.
1523 2678 1584 2720 30,
1615 2678 1635 2708 4

111 2730 150 2762 11
172 2719 204 2764 Β*
240 2724 265 2764 Τ
292 2731 328 2764 P
438 2732 481 2765 14
509 2742 576 2775 que
603 2733 638 2766 1>
749 2734 790 2766 17»
819 2734 951 2769 debent
980 2739 1015 2778 (η
1043 2748 1086 2771 m.
1115 2739 1140 2771 2
1166 2737 1247 2779 dez.)
1275 2737 1309 2770 Ρ
1406 2736 1447 2769 17
1476 2736 1517 2772 si,
1543 2747 1586 2771 m.
1615 2738 1633 2768 1

110 2799 200 2822 corr.
228 2800 264 2823 se
291 2789 327 2822 P
397 2791 438 2823 ‘21
469 2790 571 2824 bonis
599 2803 678 2831 om,
705 2803 731 2825 s.
762 2804 794 2825 n.
823 2805 866 2828 m.
896 2797 913 2826 1
941 2795 1026 2829 add.
1055 2796 1090 2829 P
1162 2796 1205 2830 23
1233 2807 1445 2840 peragamus
1472 2795 1507 2828 P
