1952 3118
72 961 107 987 10

74 1317 108 1343 15

73 1673 108 1699 20

611 181 966 227 epistularum
1003 182 1176 218 CXLVII.
1575 187 1659 227 327

128 312 308 365 spiritali
337 323 522 364 corpore,
555 309 668 363 quod
693 309 733 350 in
762 309 1067 351 resurrectione
1093 310 1365 363 promittitur,
1398 311 1659 365 probabilius

129 382 395 424 sentiendum
429 381 497 431 sit,
535 380 701 422 interim
735 380 856 422 nobis
891 380 1088 427 sufficiat,
1128 380 1240 434 quod
1271 382 1514 436 unigenitus
1547 381 1660 423 filius

130 453 323 506 idemque
349 451 594 493 mediator
619 450 698 492 dei
725 452 774 492 et
799 450 1052 492 hominum
1080 452 1225 494 homo
1254 451 1488 494 Christus
1515 453 1659 495 lesus

130 524 188 565 ita
226 523 343 565 uidet
382 526 559 577 patrem,
598 521 708 563 sicut
745 521 916 563 uidetur
947 534 970 562 a
1001 524 1130 575 patre.
1171 535 1245 564 nos
1285 526 1426 565 autem
1459 523 1509 564 ad
1542 523 1660 566 illam

131 596 338 637 uisionem
371 594 449 644 dei,
482 606 587 646 quae
619 592 739 634 nobis
771 591 813 633 in
845 591 1149 633 resurrectione
1182 593 1457 646 promittitur,
1499 607 1580 635 non
1613 606 1661 635 ex

130 667 208 707 hoc
235 664 389 706 mundo
410 664 536 705 istam
557 662 940 716 concupiscentiam
962 663 1181 704 oculorum
1201 663 1422 705 transferre
1449 676 1660 711 conemur,

131 737 204 778 sed
230 735 482 777 mundandis
510 734 706 776 cordibus
734 733 802 787 pio
831 733 1078 775 studeamus
1105 734 1272 784 affectu,
1302 747 1377 776 nec
1404 736 1661 789 corporalem

131 808 279 849 faciem
314 806 566 860 cogitemus,
600 817 697 847 cum
730 803 833 845 dicit
864 804 1104 858 apostolus:
1143 804 1384 847 Videmus
1424 819 1544 847 nunc
1578 819 1662 860 per

133 877 392 932 speculum
431 877 477 917 in
517 875 799 930 aenigmate
838 878 955 916 tunc
994 878 1159 917 autem
1203 875 1332 918 facie
1371 877 1429 918 ad
1467 876 1660 926 faciem,

131 947 375 1003 praesertim
417 947 515 1000 quia
558 946 776 1001 apostolus
822 946 1061 1000 expressius
1107 946 1229 988 dixit:
1274 946 1413 989 Nunc
1459 948 1561 990 scio
1610 961 1662 990 ex

132 1023 286 1075 parte,
319 1022 437 1060 tunc
470 1022 634 1060 autem
668 1030 980 1072 cognoscam,
1015 1018 1151 1059 sicut
1185 1022 1232 1060 et
1265 1019 1499 1073 cognitus
1541 1033 1660 1062 sum.

133 1092 168 1133 si
195 1103 291 1146 ergo
319 1094 420 1132 tunc
447 1089 652 1143 corporali
677 1088 804 1130 deum
829 1088 935 1130 facie
969 1101 1288 1143 cognoscemus,
1322 1091 1528 1143 corporali
1554 1104 1663 1133 nunc

133 1163 222 1204 eius
266 1161 373 1203 facie
418 1160 576 1215 cogniti
621 1173 789 1208 sumus;
834 1162 951 1201 tunc
997 1160 1108 1201 enim
1153 1172 1467 1215 cognoscam,
1511 1161 1662 1214 inquit,

133 1235 268 1277 sicut
312 1236 358 1275 et
396 1232 631 1286 cognitus
672 1244 790 1273 sum.
830 1231 940 1272 unde
973 1231 1067 1285 quis
1100 1244 1197 1273 eum
1235 1244 1316 1274 non
1355 1232 1576 1287 intellegat
1613 1246 1661 1275 eo

131 1305 224 1347 loco
258 1304 383 1346 etiam
417 1306 603 1346 nostram
641 1302 793 1345 faciem
831 1302 948 1344 illam
982 1303 1219 1357 significare
1253 1303 1454 1354 uoluisse,
1498 1304 1547 1346 de
1581 1317 1663 1357 qua

134 1376 236 1418 dicit
261 1376 343 1417 alio
371 1376 484 1417 loco:
512 1374 611 1416 Nos
639 1379 805 1416 autem
831 1374 1056 1415 reuelata
1082 1374 1210 1416 facie
1236 1375 1446 1428 gloriam
1475 1375 1662 1417 domini

136 1446 460 1501 speculantes
500 1447 546 1486 in
588 1445 790 1487 eandem
833 1445 1101 1499 imaginem
1146 1446 1562 1488 transformamur
1605 1445 1661 1487 de

137 1518 297 1572 gloria
328 1518 375 1559 in
409 1517 622 1571 gloriam
654 1518 906 1570 tamquam
940 1529 963 1557 a
995 1516 1182 1557 domini
1216 1516 1415 1570 spiritu,
1447 1517 1496 1558 de
1530 1517 1664 1571 gloria

134 1588 297 1630 scilicet
328 1587 425 1629 fidei
453 1588 494 1628 in
528 1587 705 1642 gloriam
739 1587 1110 1641 contemplationis
1142 1590 1362 1629 aeternae?
1395 1588 1474 1629 hoc
1507 1588 1661 1642 quippe

133 1659 221 1713 agit
251 1659 354 1701 haec
386 1658 714 1707 transformatio,
757 1671 838 1711 qua
877 1657 1090 1700 interior
1127 1658 1268 1700 homo
1301 1661 1573 1700 renouatur
1605 1659 1661 1700 de

133 1730 209 1772 die
241 1731 289 1772 in
323 1730 465 1780 diem,
499 1729 548 1771 de
582 1742 664 1782 quo
697 1732 739 1770 et
772 1728 990 1783 apostolus
1023 1729 1190 1779 Petrus,
1223 1741 1320 1770 cum
1353 1742 1447 1770 eum
1474 1733 1663 1771 moneret

249 1869 270 1903 3
297 1869 312 1903 1
339 1869 428 1903 Tim.
455 1869 488 1908 2,
515 1869 536 1902 5
635 1871 656 1903 5
683 1868 700 1902 Ι
727 1868 804 1902 Ioh.
831 1869 864 1907 3,
891 1868 912 1901 2
998 1869 1019 1903 6
1047 1867 1062 1902 Ι
1090 1867 1166 1902 Ioh.
1193 1869 1226 1908 2,
1258 1869 1300 1902 16
1398 1873 1435 1908 ὅ;
1468 1868 1511 1902 10
1537 1867 1553 1902 Ι
1581 1867 1661 1903 Cor.

135 1929 187 1970 13,
216 1929 257 1963 12
334 1929 376 1963 16
403 1928 439 1962 11
466 1928 545 1963 Cor.
573 1928 607 1970 3,
636 1928 680 1962 le
754 1928 800 1963 20
826 1927 862 1962 ΙΙ
889 1926 969 1962 Cor.
996 1929 1030 1971 4,
1060 1928 1103 1963 16

182 2011 197 2045 l
227 2011 413 2056 corporali,
439 2022 485 2045 m.
511 2014 552 2045 ut
576 2009 654 2045 uid.
681 2012 700 2044 1
725 2020 818 2045 corr.
846 2021 991 2055 corpore
1017 2009 1051 2044 L
1119 2010 1140 2044 2
1166 2010 1285 2044 iterim
1311 2010 1340 2044 Ο
1365 2014 1425 2054 (νη,
1451 2012 1477 2044 2
1502 2009 1661 2051 interim)

130 2070 170 2104 F
191 2071 247 2112 (m.
275 2073 294 2104 1
319 2081 408 2104 corr.
436 2071 593 2112 interim)
667 2070 688 2103 3
715 2069 809 2104 idem
836 2071 916 2112 (om.
945 2073 1025 2114 que)
1058 2068 1159 2103 TOL
1232 2071 1254 2103 4
1280 2069 1381 2103 uidet
1407 2073 1443 2103 et
1470 2073 1607 2114 patrem
1628 2068 1663 2102 L

179 2130 222 2164 ab
256 2129 318 2164 illa
350 2130 488 2163 uisione
520 2128 586 2163 TO
617 2129 715 2163 illam
748 2128 936 2169 uisionem,
968 2139 1013 2165 m.
1039 2130 1059 2162 1
1084 2139 1176 2163 corr.
1211 2128 1254 2162 ad
1288 2128 1386 2162 illam
1414 2129 1589 2162 uisionem
1617 2126 1664 2161 M

134 2190 153 2222 5
180 2189 237 2223 dei
264 2200 354 2233 quae
380 2200 424 2223 m.
452 2191 477 2223 2
503 2199 546 2223 ex
572 2188 674 2233 deiq;
702 2188 738 2222 P
808 2188 830 2222 6
856 2187 923 2221 hoc
949 2198 1018 2222 om.
1046 2188 1081 2221 A
1178 2187 1284 2222 modo
1310 2187 1351 2222 F
1426 2190 1447 2221 8
1475 2187 1539 2224 dit.
1568 2199 1613 2223 m.
1642 2190 1660 2220 1

130 2257 221 2283 corr.
248 2247 337 2282 dicit
362 2248 401 2282 F
493 2248 515 2283 9
541 2247 592 2292 in]
621 2250 657 2282 et
683 2248 719 2281 in
746 2247 782 2281 P
900 2246 1012 2281 fitiem
1043 2246 1076 2280 T
1181 2246 1224 2281 10
1251 2247 1434 2291 apostolus
1461 2257 1529 2282 om.
1561 2246 1662 2280 TOL

177 2307 268 2342 s⁴cio
292 2307 330 2342 F
404 2308 442 2341 11
473 2309 592 2341 autem
618 2315 678 2348 (m.
705 2309 730 2341 2
754 2307 795 2341 in
819 2308 909 2348 ras.)
936 2306 1294 2350 cognoscam:fslsmsssl
1319 2305 1349 2340 O
1446 2309 1483 2340 et
1507 2316 1550 2340 ex
1574 2316 1661 2343 ras..

123 2366 203 2409 suit
229 2378 267 2401 ex
300 2366 332 2400 T
427 2366 470 2400 12
497 2377 645 2410 corpora
672 2367 705 2400 A
803 2365 1135 2409 deum—corporali
1162 2376 1230 2401 om.
1263 2364 1365 2399 TOL
1463 2365 1538 2399 eius
1566 2376 1660 2399 nunc

131 2425 210 2460 edd.
275 2426 317 2460 13
343 2429 428 2460 tunc
455 2426 549 2460 enim
587 2428 673 2460 tunc
701 2425 795 2459 enim
821 2424 903 2467 (bis)
930 2424 962 2458 T
1023 2425 1066 2458 14
1093 2424 1141 2469 et]
1171 2427 1207 2458 et
1234 2435 1302 2469 ego
1335 2423 1579 2468 TOL(Vu19.
1609 2428 1645 2457 et

133 2484 196 2519 Gr.
223 2484 290 2529 καί,
315 2485 429 2518 uaria
455 2484 559 2519 lectio
586 2485 643 2518 καὶ
669 2483 751 2529 ἐγώ)
858 2495 937 2518 eum
965 2483 1044 2528 quis
1071 2483 1106 2517 L
1204 2484 1247 2519 15
1274 2484 1400 2518 faciem
1427 2488 1585 2517 nostram
1611 2483 1659 2517 M

178 2543 221 2578 de
236 2555 306 2588 qua
317 2547 440 2587 (super
454 2555 473 2588 q
488 2543 578 2588 ras.)
596 2544 631 2577 in
652 2544 723 2578 alio
744 2543 821 2578 loco
843 2543 932 2577 dicit
949 2542 996 2577 M
1045 2543 1088 2578 16
1108 2543 1247 2577 reuelat
1265 2555 1285 2577 a
1305 2542 1396 2577 facie
1422 2542 1454 2576 T
1503 2542 1543 2576 17
1567 2542 1657 2576 ima·

131 2603 264 2647 gineml
291 2603 440 2637 formam
466 2602 514 2637 M
631 2602 936 2645 transformemur,
962 2613 1006 2636 m.
1034 2604 1060 2636 2
1085 2602 1382 2637 transformamur
1408 2602 1442 2635 P
1564 2602 1606 2635 18
1635 2612 1654 2634 a

129 2672 196 2695 om.
223 2661 261 2695 F
379 2662 421 2695 19
447 2661 516 2695 fide
548 2661 580 2695 T
674 2661 1008 2706 contemplationes.
1034 2672 1079 2695 m.
1107 2664 1126 2695 1
1151 2671 1241 2697 corr.
1270 2660 1585 2705 contemplationis
1613 2660 1655 2694 H

131 2720 175 2755 20
201 2722 250 2755 ait
276 2720 348 2754 FP
371 2723 427 2761 (m.
456 2723 481 2754 2
506 2721 597 2764 agit)
718 2720 806 2755 haec
833 2731 900 2754 om.
933 2719 1033 2754 TOL
1059 2709 1130 2754 ista
1156 2720 1203 2754 M
1322 2731 1409 2766 qu-a.
1434 2721 1458 2763 (i
1487 2723 1595 2761 eras.)
1622 2719 1658 2753 P

130 2779 171 2813 21
203 2783 239 2813 et
263 2789 343 2815 om..
370 2791 414 2814 m.
442 2782 460 2813 1
486 2779 571 2813 add.
599 2779 642 2813 H
