1924 3122
705 162 1056 207 epistularum
1096 162 1304 198 CXXXVII.
1682 165 1762 206 101

234 291 341 332 tium
388 292 570 346 cogitare
615 291 705 332 siue
750 291 831 332 ista
876 292 1094 342 crassiora,
1140 292 1251 334 sicut
1298 294 1397 334 sunt
1440 292 1590 334 humor
1640 295 1765 346 atque

235 363 405 406 humus.
434 363 524 404 siue
558 363 778 404 subtiliora
812 363 922 404 sicut
954 364 1061 404 aeris
1095 366 1135 405 et
1162 363 1282 412 lueis,
1312 363 1386 405 sed
1412 366 1551 405 tamen
1580 376 1765 417 corpora,

236 446 412 487 quorum
465 434 628 475 nullum
678 436 819 486 potest
875 447 966 476 esse
1024 434 1181 488 ubique
1237 437 1390 484 totum,
1443 435 1640 488 quoniam
1692 447 1766 488 per

233 505 558 546 innumerabiles
590 509 729 558 partes
763 506 877 547 aliud
910 506 1007 547 alibi
1042 506 1194 548 habeat
1233 518 1405 547 necesse
1445 509 1509 548 est-
1548 508 1601 558 et‚
1637 518 1764 559 quan-

193 590 208 614 5
234 579 508 629 tumcumque
552 576 608 617 sit
651 588 801 630 corpus
848 589 923 618 seu
968 577 1404 630 quantulumcumque
1449 577 1762 630 corpusculum,

230 647 313 688 loci
352 649 530 701 occupet
574 647 760 700 spatium
806 647 1068 701 eundemque
1112 648 1252 689 locum
1299 648 1360 689 sic
1403 647 1590 701 impleat.
1631 651 1679 689 ut
1721 647 1763 688 in

232 718 348 759 nulla
380 718 471 759 eius
505 720 621 771 parte
655 718 710 759 sit
736 721 886 760 totum.
919 731 966 760 ac
992 732 1065 772 per
1091 718 1170 760 hoc
1197 718 1362 760 densari
1388 721 1513 772 atque
1540 731 1761 766 rarescere,

231 789 419 830 contrahi
448 792 489 830 et
515 789 695 839 dilatari,
716 790 756 830 in
784 790 986 831 minutias
1014 790 1144 831 deteri
1172 792 1214 831 et
1239 789 1513 844 grandescere
1538 790 1579 830 in
1607 790 1762 830 molem

231 873 310 901 non
342 860 423 901 nisi
456 873 676 913 corporum
716 864 793 902 est.
831 861 958 915 longe
997 861 1110 902 aliud
1150 864 1215 902 est
1253 861 1414 902 animae
1453 863 1602 902 natura
1636 872 1761 913 quam

171 951 203 974 10
231 931 434 984 corporis:
489 934 642 985 quanto
687 931 823 986 magis
869 932 949 975 dei.
996 932 1065 985 qui
1112 935 1274 974 creator
1318 934 1383 974 est
1427 935 1468 973 et
1513 932 1674 973 animae
1721 934 1762 973 et

229 1002 432 1055 corporis!
474 1015 552 1043 non
592 1003 651 1044 sic
691 1002 794 1044 deus
834 1003 1008 1057 implere
1047 1003 1201 1044 dicitur
1236 1003 1441 1044 mundum
1481 1004 1602 1044 uelut
1639 1015 1760 1056 aqua,

228 1074 347 1115 uelut
380 1086 462 1116 aer.
496 1074 615 1115 uelut
646 1074 739 1127 ipsa
771 1075 853 1123 luit,
881 1076 929 1115 ut
955 1075 1113 1116 minore
1141 1074 1207 1115 sui
1234 1077 1350 1128 parte
1378 1074 1578 1115 minorem
1614 1073 1759 1115 mundi

228 1147 388 1200 partem
426 1144 600 1198 impleat
637 1148 679 1186 et
717 1145 872 1186 maiore
911 1145 1124 1186 maiorem.
1163 1146 1283 1187 nouit
1320 1145 1477 1199 ubique
1510 1148 1626 1186 totus
1667 1158 1759 1186 esse

227 1220 269 1258 et
301 1216 417 1258 nullo
452 1216 652 1257 contineri
685 1216 797 1265 loco;
832 1216 951 1258 nouit
984 1217 1125 1258 uenire
1159 1230 1237 1258 non
1271 1216 1514 1265 recedendo,
1543 1216 1616 1258 ubi
1651 1222 1757 1264 erat3

168 1307 202 1332 ιε,
227 1288 347 1329 nouit
373 1287 486 1328 abire
512 1300 591 1329 non
619 1287 862 1338 deserendo,
890 1300 971 1340 quo
999 1290 1186 1329 uenerat.

139 1360 164 1401 5
285 1358 463 1400 Miratur
493 1359 572 1399 hoc
603 1371 719 1400 mens
753 1359 935 1400 humana
968 1361 1021 1401 et.
1056 1360 1153 1413 quia
1185 1372 1263 1401 non
1305 1359 1430 1412 capit.
1465 1360 1643 1400 fortasse
1682 1371 1756 1399 nec

227 1429 369 1472 credit.
404 1442 448 1470 se
476 1430 608 1482 ipsam
635 1430 834 1483 primitus
862 1432 1046 1472 scrutata
1073 1430 1262 1480 miretur,
1291 1443 1334 1472 se
1360 1430 1494 1483 ipsam
1521 1430 1756 1484 paululum,

228 1501 263 1542 si
295 1503 447 1554 potest,
477 1514 499 1541 a
526 1513 695 1553 corpore
724 1501 892 1542 attollat
918 1503 959 1542 et
986 1501 1035 1542 ab
1064 1502 1122 1543 eis
1155 1502 1294 1544 rebus.
1323 1515 1425 1555 quas
1460 1502 1568 1542 solet
1602 1501 1756 1543 sentire

273 1698 287 1730 1
318 1702 401 1732 sunt
426 1710 494 1733 om.
520 1698 567 1732 P¹
654 1699 674 1732 2
701 1698 828 1732 humus
857 1702 904 1739 (m
931 1709 1047 1743 supra
1074 1710 1144 1733 ras.
1173 1711 1214 1733 m.
1244 1702 1276 1742 1>
1308 1699 1356 1733 W
1379 1700 1483 1733 huius
1510 1699 1545 1734 R
1642 1699 1662 1733 3
1690 1698 1751 1732 ubi

221 1759 302 1799 (om.
331 1759 411 1802 quel
439 1759 472 1791 A
572 1769 690 1802 quam,
717 1770 760 1794 m.
790 1761 814 1792 2
840 1750 909 1803 quo
943 1757 993 1791 W
1101 1761 1123 1792 4
1152 1759 1250 1803 alibi]
1280 1758 1367 1793 abili
1400 1759 1431 1793 Τ
1527 1758 1636 1793 habet
1670 1758 1749 1792 ΤΡ1

270 1820 305 1850 et
331 1828 398 1851 om.
425 1817 461 1851 B
510 1818 530 1851 5
557 1818 632 1852 siue
663 1818 728 1852 CR
800 1817 1167 1863 quantulumcumque
1195 1819 1244 1853 sit
1270 1819 1517 1863 corpusculum
1546 1817 1611 1852 CR
1661 1817 1681 1850 6
1710 1818 1750 1851 ut

219 1875 270 1920 in]
298 1877 326 1910 ἃ*
351 1876 391 1910 D
459 1878 477 1911 7
505 1880 626 1922 partes
653 1877 694 1911 K
771 1878 819 1911 sit
845 1879 874 1920 (t
900 1878 941 1911 in
966 1878 1056 1922 ras.)
1088 1877 1139 1910 W
1214 1877 1356 1912 denseri
1383 1878 1459 1912 DB
1541 1888 1580 1911 ac
1607 1877 1642 1910 B
1671 1875 1750 1911 eclcl.

265 1945 440 1970 carescere
470 1935 500 1970 C
524 1947 679 1970 crescere
706 1936 742 1971 R
875 1938 895 1971 8
922 1938 956 1970 in
985 1937 1171 1982 minutias]
1200 1937 1423 1971 imminutias
1450 1936 1485 1970 A
1511 1936 1690 1970 inminuas
1724 1935 1755 1968 T

266 1993 381 2028 deseri
407 1995 450 2029 K
474 1995 593 2039 ditari,
621 2008 663 2031 ηι.
691 1998 715 2029 2
742 1995 855 2030 deteri
887 1996 938 2030 W
1006 1998 1039 2030 in
1069 1997 1212 2041 molem]
1242 1997 1421 2031 immolem
1443 1997 1522 2030 MA
1577 1996 1597 2028 9
1624 1994 1748 2039 longe]

216 2055 252 2086 et
278 2052 386 2097 longe
406 2053 450 2087 H
498 2054 540 2089 10
567 2053 653 2088 deus
674 2053 717 2087 K
780 2066 839 2099 pr,
868 2058 904 2089 et
930 2066 995 2090 om.
1024 2055 1218 2090 ΤΒΚΡΡι
1270 2056 1309 2089 11
1341 2055 1473 2090 dicitur
1499 2054 1647 2099 implere
1671 2053 1750 2086 edd.

218 2111 258 2145 12
286 2115 325 2145 ut
356 2112 714 2147 minore-minorem
749 2124 828 2154 om.,
862 2126 904 2148 m.
937 2117 960 2149 3
993 2115 1031 2149 ίη
1063 2126 1176 2160 mary.
1211 2114 1297 2149 add.
1332 2115 1469 2149 minore
1503 2114 1675 2148 minorem
1711 2112 1754 2145 II

260 2170 413 2204 minore·
436 2172 489 2205 sui
517 2176 634 2215 parte«
658 2172 688 2206 C
712 2176 770 2213 (m.
793 2175 818 2207 2
837 2174 980 2213 minori)
1008 2173 1057 2208 W
1073 2174 1162 2217 (fuit
1179 2185 1212 2208 m
1228 2201 1235 2208 .
1252 2201 1259 2209 .
1278 2203 1284 2210 .
1303 2176 1372 2217 .m)
1393 2175 1565 2208 minorem
1589 2173 1643 2206 sui
1666 2183 1743 2216 par-

213 2232 285 2263 tem
317 2229 391 2264 TK
484 2231 654 2265 minorem
682 2232 805 2266 mundi
833 2236 971 2277 partem
998 2245 1065 2267 om.
1094 2233 1136 2267 K
1229 2234 1360 2267 mundo
1392 2233 1425 2267 T
1523 2233 1565 2267 13
1593 2231 1744 2276 impleat

214 2292 351 2333 partem
378 2290 457 2324 edd.
587 2292 721 2326 maiore
747 2293 804 2334 (m.
833 2295 859 2326 2
883 2293 1025 2338 maiori)
1049 2294 1221 2327 maiorem
1253 2293 1284 2327 G
1307 2293 1477 2327 maiorem
1504 2293 1639 2326 maiore
1668 2290 1750 2324 MP

212 2348 379 2382 maiorem
413 2349 526 2383 maior
558 2349 632 2384 DA
666 2351 835 2385 maiorem
868 2353 949 2395 (om.
984 2352 1133 2397 maiore)
1167 2352 1202 2386 B
1240 2352 1375 2397 (spacio
1410 2355 1494 2395 post
1532 2351 1673 2391 relicto)
1711 2348 1752 2381 K

214 2407 255 2441 14
282 2408 476 2446 continere,
503 2419 547 2443 m.
576 2411 601 2442 2
627 2410 804 2444 contineri
829 2411 859 2445 (J
930 2411 1045 2446 locum
1072 2414 1191 2455 (eraso
1217 2424 1251 2446 m
1278 2423 1322 2446 m.
1344 2415 1369 2446 2
1394 2413 1488 2454 loco)
1516 2410 1566 2443 W
1618 2410 1659 2443 16
1680 2408 1745 2441 mi-

211 2469 319 2502 rator.
346 2478 390 2501 m.
419 2470 437 2500 1
463 2478 556 2502 corr.
582 2469 734 2503 miratur
759 2469 806 2503 P¹
918 2472 998 2516 nec]
1026 2483 1097 2506 non
1130 2471 1252 2506 THP¹
1354 2474 1395 2506 17
1424 2472 1521 2507 cedit
1548 2469 1589 2502 K
1709 2480 1746 2502 St*

209 2522 287 2569 ipsa
313 2525 354 2559 K
379 2526 440 2560 sed
468 2539 504 2561 se
531 2528 609 2572 ipsa
639 2528 703 2563 CR
726 2541 762 2563 se
790 2530 897 2564 ctiam
927 2531 968 2564 H
1124 2531 1290 2576 primitus
1318 2544 1384 2566 om.
1413 2531 1454 2566 H
1615 2531 1747 2564 mirata

215 2583 609 2621 ΤΟΒΠἸΞΗΒΚΡΡι
642 2589 797 2632 migrata
828 2589 908 2623 MA
945 2602 968 2624 α
1002 2591 1146 2634 ingrata
1179 2595 1257 2625 cett.
1285 2591 1382 2633 e‹ld.;
1415 2591 1547 2635 scripsi
1579 2594 1740 2623 scrutata

207 2643 267 2686 (⁶s·
288 2655 325 2687 P·
355 2646 440 2687 102,
464 2647 499 2686 5)
574 2656 611 2680 Se
638 2647 716 2692 ipsa
736 2647 779 2682 K
828 2649 868 2683 18
895 2641 1042 2684 attollat
1069 2662 1088 2684 a
1115 2661 1261 2695 corpore
1290 2651 1370 2686 edd.
1446 2662 1465 2684 a
1492 2649 1675 2694 corporcis
1709 2649 1747 2682 n

254 2702 399 2737 attollet
424 2704 460 2737 B
593 2706 799 2741 eisst'm'rebus
826 2710 913 2750 (rag.
941 2711 1035 2743 1-2
1061 2710 1104 2750 Ζ.;
1128 2721 1143 2743 r
1171 2710 1211 2743 in
1237 2713 1326 2751 ras.)
1362 2709 1410 2741 W
1521 2709 1607 2751 sole,
1635 2721 1676 2743 m.
1707 2711 1731 2741 2

207 2759 300 2795 solet
328 2761 370 2795 II
