1844 3122
122 1011 152 1034 10

121 1365 152 1389 15

590 226 941 270 epistularum
981 225 1138 263 CXXIV.
1167 225 1304 262 CXXV.
1684 232 1710 271 3

860 355 1024 398 CXXV.

180 449 374 485 DOMINO
408 449 694 484 BEA'rissmo
728 449 788 484 ET
822 449 1212 484 vssxnnAfflerEn
1242 449 1500 485 CARissnuo
1535 449 1710 485 FRATRI

182 510 239 544 ET
267 508 639 544 CONSACERDOTI
669 508 845 544 ALYPIO
875 509 931 543 ET
966 508 1050 551 QVI
1082 509 1242 545 TECL'M
1283 509 1406 544 SUNT
1440 509 1709 545 FRATRIBUS

181 568 486 605 AUGUsTms
537 568 595 602 ET
647 567 729 610 QVI
773 567 944 603 iuuerit
990 567 1113 603 SUNT
1159 568 1374 603 FRATREs
1419 567 1471 602 IN
1517 568 1708 603 DOMJNo

828 627 1060 662 SALUTEM.

242 712 444 755 Dolemus
472 711 638 765 quidem
668 711 854 766 grauiter
873 723 946 752 nec
968 710 1056 752 fieri
1079 713 1235 765 potest,
1257 714 1304 752 ut
1324 712 1441 765 parui
1464 711 1710 765 pendamus,

181 783 292 837 quod
329 783 370 824 in
409 783 583 824 iniurias
623 782 860 823 sanctitatis
899 784 996 823 tuae
1038 782 1222 836 populus
1254 782 1556 835 Hipponiensis
1595 785 1711 824 tanta

181 855 399 897 clamauit:
434 854 507 896 sed
539 854 674 895 multo
709 853 882 908 grauius
917 853 1141 894 dolendum
1182 854 1260 904 est,
1294 853 1421 895 frater
1457 854 1578 904 bone,
1610 853 1710 895 talia

181 926 228 967 de
280 925 400 967 nobis
452 925 680 967 existimari
734 937 858 977 quam
909 924 982 966 11111
1026 924 1210 966 clamari.
1257 924 1421 978 quando
1473 924 1584 965 enim
1634 938 1709 966 nos

180 997 389 1038 credimur
420 996 650 1050 cupiditate
690 995 905 1049 pecuniae,
946 1008 1024 1037 non
1065 995 1291 1037 dilectione
1330 995 1519 1038 iustitiae
1564 1008 1708 1037 seruos

180 1068 245 1110 dei
278 1069 388 1110 uelle
421 1068 610 1115 retinere,
644 1080 778 1109 nonne
818 1067 1048 1122 optandum
1087 1069 1165 1117 est,
1198 1069 1259 1117 ut,
1294 1067 1365 1121 qui
1404 1067 1483 1109 hoc
1523 1067 1709 1110 credunt.

180 1140 393 1181 occultum
439 1139 577 1180 cordis
622 1139 688 1180 sui
734 1151 837 1180 uoce
881 1140 1092 1180 testentur
1136 1151 1183 1180 ac
1228 1138 1288 1180 sic
1334 1138 1488 1192 aliqua,
1535 1139 1571 1180 si
1622 1138 1707 1180 fieri

178 1213 331 1265 potest,
381 1213 497 1252 tanto
549 1210 705 1253 maiora
753 1209 935 1251 remedia
986 1210 1263 1262 requirantur,
1315 1223 1441 1263 quam
1494 1212 1541 1251 ut
1591 1210 1708 1251 taciti

178 1285 348 1335 pereant
380 1281 626 1335 perniciosis
666 1281 978 1335 suspicionibus
1019 1281 1241 1322 uenenati‘?
1281 1284 1537 1335 quapropter
1572 1281 1708 1336 magis

179 1352 454 1408 satagendum
502 1356 580 1402 est,
626 1352 747 1394 unde.
794 1352 921 1394 etiam
968 1352 1212 1405 priusquam
1266 1352 1344 1394 hoc
1396 1352 1524 1402 fieret,
1576 1352 1709 1394 locuti

177 1438 340 1474 sumus,
386 1437 465 1477 quo
511 1423 635 1465 modo
680 1423 981 1477 persuadeatur
1026 1423 1283 1473 hominibus,
1331 1423 1483 1477 quibus
1530 1436 1606 1465 nos
1657 1424 1708 1464 ad

177 1494 412 1548 exemplum
462 1494 668 1536 bonorum
725 1506 896 1546 operum
955 1493 1152 1547 praebere
1205 1493 1499 1547 praecipimur,
1553 1493 1706 1535 falsum

178 1579 283 1615 esse,
324 1565 434 1619 quod
479 1565 762 1619 suspicantur,
802 1577 925 1618 quam
961 1577 1042 1618 quo
1087 1564 1212 1606 modo
1258 1564 1461 1619 arguendi
1499 1565 1596 1615 sint,
1636 1565 1707 1618 qui

176 1637 439 1690 suspiciones
473 1649 571 1678 suas
604 1637 784 1678 uocibus
816 1636 1040 1689 uerbisque
1074 1636 1299 1678 declarant.

235 1708 412 1749 Proinde
447 1721 522 1762 ego
556 1711 724 1749 sanctae
758 1707 934 1748 Albinae
968 1720 1048 1749 non
1083 1720 1309 1749 suscenseo
1343 1720 1418 1749 nec
1451 1707 1705 1762 arguendam

174 1778 314 1820 iudico
342 1779 416 1820 sed
444 1792 466 1820 a
491 1779 568 1820 tali
595 1778 834 1832 suspicione
861 1778 1101 1820 sanandam.
1138 1791 1244 1832 quae
1271 1778 1366 1832 quia
1395 1791 1473 1820 non
1502 1779 1542 1820 in
1571 1791 1705 1820 meam

174 1862 395 1904 personam
419 1850 563 1892 eadem
590 1850 719 1892 uerba
745 1849 907 1899 direxit,
935 1849 1008 1890 sed
1035 1851 1252 1903 tamquam
1274 1850 1323 1891 de
1345 1849 1706 1904 Hipponiensibus

175 1924 324 1973 questa
356 1925 434 1964 est.
474 1921 586 1974 quod
619 1921 856 1974 aperuerint
895 1920 1170 1973 cupiditatem
1214 1933 1348 1971 suam,
1386 1933 1430 1962 se
1470 1933 1549 1962 non
1589 1920 1706 1962 cleri-

174 1994 293 2033 catus
328 1992 400 2033 sed
433 1992 634 2046 pecuniae
668 2004 794 2034 causa
828 1992 1039 2034 hominem
1068 1991 1245 2033 diuitem
1273 1995 1397 2045 atque
1431 1991 1558 2033 huius
1592 1991 1704 2033 modi

113 2076 148 2103 25
171 2063 373 2116 pecuniae
406 2066 739 2117 contemptorem
767 2066 808 2104 et
833 2063 1076 2118 largitorem
1103 2062 1214 2117 apud
1248 2076 1292 2105 se
1325 2065 1465 2104 tenere
1499 2062 1704 2105 uoluisse.

172 2138 326 2176 tamen.
355 2134 454 2188 quid
482 2135 531 2176 (16
557 2135 677 2176 nobis
706 2135 897 2177 senserit.
930 2147 1060 2188 paene
1088 2135 1288 2176 clamauit
1316 2147 1390 2176 nec
1417 2135 1507 2188 ipsa
1542 2137 1704 2175 tantum

297 2262 337 2295 17
365 2260 434 2295 Tit.
464 2261 496 2298 ⁶2.
526 2262 544 2295 7

293 2343 391 2377 Idem
421 2344 570 2388 codices,
597 2345 659 2388 qui
682 2345 723 2378 in
750 2356 803 2389 ep⁴
835 2344 970 2379 CXXI
978 2344 1017 2378 V.

220 2414 240 2447 2
268 2424 307 2448 ac
341 2414 371 2447 T
488 2415 509 2448 4
537 2420 619 2448 sunt
645 2426 710 2449 om.
746 2415 777 2449 T
889 2416 923 2449 in
951 2415 1095 2450 domino
1124 2426 1191 2452 om.
1226 2414 1298 2450 VU
1415 2416 1436 2449 6
1464 2415 1518 2459 ut]
1548 2413 1642 2458 quod
1675 2413 1703 2445 l·

174 2474 192 2506 Τ
220 2473 255 2506 in
281 2483 348 2507 om.
384 2472 452 2507 VC
560 2474 760 2514 sanctitati,
786 2486 830 2511 m.
859 2477 877 2508 1
903 2485 994 2510 corr.
1022 2474 1226 2509 sanctitatis
1259 2474 1293 2508 V
1397 2474 1604 2519 ipponensis
1638 2472 1707 2506 1'1'

174 2530 416 2576 Hipponensis
442 2533 521 2567 edd.
619 2536 732 2573 tanta,
759 2545 804 2568 m.
833 2536 852 2567 1
877 2544 967 2568 corr.
994 2536 1117 2568 tantas
1149 2533 1180 2567 V
1262 2535 1283 2568 8
1310 2532 1495 2577 clamauit]
1525 2531 1546 2566 d
1573 2532 1703 2566 clama·

174 2591 227 2624 uit
254 2589 291 2631 (d
318 2593 411 2634 erp.)
443 2590 476 2624 ζ’
568 2591 609 2625 10
635 2591 812 2635 iustitiae!
842 2590 885 2625 de
912 2591 1075 2626 iustitiae
1102 2591 1162 2633 (de
1188 2593 1283 2636 exp.)
1315 2590 1350 2625 U
1440 2591 1482 2624 12
1509 2601 1596 2624 uoce
1624 2600 1703 2626 om..

172 2660 217 2682 m.
246 2651 271 2682 2
296 2649 332 2682 iu
360 2660 472 2695 mary.
501 2649 587 2684 add.
621 2649 655 2683 Γ
725 2650 755 2684 si
787 2650 821 2685 U
894 2647 936 2684 14
963 2651 1124 2685 uenerari
1157 2649 1191 2685 U
1258 2650 1301 2684 16
1329 2661 1398 2694 (1110
1425 2648 1543 2694 1110(10]
1573 2654 1641 2693 (1ῦο
1674 2647 1705 2681 I'

174 2708 219 2742 20
245 2708 479 2753 arguendum,
505 2720 550 2744 m.
578 2712 596 2743 1
621 2720 712 2744 corr.
741 2709 959 2755 arguendam
994 2709 1029 2744 U
1110 2710 1154 2744 22
1181 2708 1439 2755 ipponensibus
1472 2707 1543 2742 VU
1567 2707 1703 2752 Hippo-

173 2766 343 2801 nensibus
370 2767 447 2802 edd.
565 2768 610 2802 23
637 2769 841 2814 aperuerint
869 2772 903 2811 (a
931 2770 969 2803 in
995 2780 1070 2803 ras.
1097 2780 1142 2803 m.
1170 2771 1201 2811 1)
1228 2767 1264 2803 R
1385 2767 1431 2802 26
1458 2764 1554 2810 (111οᾱ
1580 2766 1703 2809 flrm

222 2826 298 2870 ipse
330 2826 360 2860 T

1616 2893 1653 2926 l*
