1952 3118
159 991 191 1014 10

163 1821 196 1845 20

568 218 585 241 e
598 219 620 252 p
636 208 742 242 istu
758 207 804 242 la
817 219 833 241 r
847 218 868 241 u
883 218 916 242 m
955 206 1178 242 cnxxvm.
1205 207 1389 244 cnxnx,
1654 211 1737 252 691

219 340 432 391 tamquam
473 338 575 379 deus
615 337 796 379 orandus
837 338 905 386 sit,
945 351 1027 391 quo
1068 351 1142 380 nos
1182 339 1233 380 ad
1273 339 1528 393 superandas
1567 343 1744 394 tempta-

218 409 353 450 tiones
375 409 548 450 adiuuet
568 411 850 462 peccatorum.
879 409 952 451 sed
973 422 1021 451 ne
1043 409 1266 463 quisquam
1287 410 1456 452 inruens
1477 410 1749 464 corporaliter

219 492 293 521 nos
320 480 530 521 humanus
559 491 682 521 casus
710 479 885 534 affligat.
919 480 1115 533 quoniam
1144 483 1411 534 peccatorum
1445 481 1747 534 temptationes

218 551 385 592 uincere
423 550 483 592 ita
522 551 578 592 sit
615 551 699 592 iam
738 550 779 591 in
819 554 964 593 nostra
995 552 1180 606 positum
1214 554 1426 605 potestate
1459 552 1747 606 possibilitate

219 624 404 670 naturae,
450 623 498 663 ut
541 621 619 664 hoc
664 622 842 663 inaniter
879 622 1188 676 impetrandum
1229 623 1444 664 orantibus
1483 623 1746 664 arbitremur.

219 705 297 733 non
337 705 566 746 possumus
605 706 688 734 una
727 693 911 747 epistula
949 694 1068 736 breui
1106 694 1246 735 omnia
1284 694 1352 735 uel
1392 694 1572 747 plurima
1604 696 1746 736 tantae

219 763 448 817 impietatis
501 766 746 818 argumenta
797 763 1011 818 colligere,
1062 764 1308 817 praesertim
1361 764 1471 817 quia,
1523 776 1619 805 cum
1664 763 1747 805 ista

219 835 458 884 scriberem,
514 835 743 888 perlatores
795 834 1034 888 nauigaturi
1084 847 1151 876 me
1201 835 1400 876 inmorari
1452 834 1613 876 diutius
1665 848 1745 876 non

218 906 423 947 sinebant.
464 908 565 960 puto
605 908 746 947 autem
786 918 1009 948 onerosum
1043 919 1108 947 me
1141 918 1220 947 non
1253 906 1386 947 fuisse
1420 906 1577 947 sanctis
1613 905 1747 947 sensi-

218 977 297 1018 bus
319 977 420 1027 tuis‚
449 976 561 1030 quod
582 976 632 1018 de
657 978 774 1019 tanto
795 978 905 1018 malo
934 977 1045 1018 omni
1074 976 1297 1031 uigilantia
1323 977 1492 1019 domino
1519 976 1747 1019 adiuuante

219 1047 390 1089 uitando
423 1050 560 1089 tacere
594 1059 674 1088 non
707 1047 839 1100 potui.

873 1209 1093 1252 CLXXIX.

218 1302 411 1338 DOMINO
444 1303 730 1338 BEATISSIMO
764 1303 822 1338 ET
847 1302 1029 1338 MERITO
1056 1302 1353 1338 VENERABILI
1380 1302 1557 1337 FRATRI
1582 1303 1640 1338 ΕΤ
1668 1302 1749 1338 CO—

299 1362 533 1398 EPISCOPO
561 1361 771 1397 IOHANNI
797 1361 1105 1397 AUGUSTINUS
1132 1362 1183 1396 IN
1210 1362 1403 1397 DOMINO
1432 1362 1666 1398 SALUTEM.

282 1447 403 1499 Quod
428 1449 524 1489 tuae
551 1447 790 1489 sanctitatis
819 1448 975 1501 scripta
1001 1460 1080 1490 non
1107 1448 1255 1496 merui,
1289 1447 1394 1488 nihil
1420 1447 1551 1488 audeo
1579 1460 1748 1488 suscen-

221 1533 330 1568 εει-ες
369 1519 522 1560 melius
562 1519 671 1561 enim
710 1519 959 1573 perlat-orem
1000 1518 1121 1560 credo
1155 1518 1354 1567 defuisse,
1399 1531 1523 1572 quam
1568 1531 1634 1559 me
1680 1531 1747 1559 su-

221 1591 359 1645 spicor
391 1604 413 1631 a
444 1593 518 1632 tua
562 1590 829 1632 ueneratione
874 1592 1175 1644 contemptum,
1221 1590 1385 1631 domine
1424 1588 1668 1631 beatissime
1707 1591 1751 1630 et

221 1662 368 1703 merito
414 1661 666 1703 uenerabilis
711 1661 848 1702 frater.
901 1673 1008 1702 nunc
1054 1673 1167 1710 uero,
1219 1660 1417 1714 quoniam
1462 1672 1632 1702 seruum
1679 1659 1745 1701 dei

220 1734 390 1783 Lucam,
436 1745 508 1786 per
546 1745 670 1786 quem
709 1732 791 1773 ista
830 1731 971 1780 direxi,
1017 1732 1099 1773 cito
1140 1732 1323 1785 comperi
1363 1744 1455 1773 esse
1492 1730 1741 1781 rediturum,

223 1817 342 1859 agam
371 1804 537 1845 domino
566 1806 607 1845 et
632 1808 728 1845 tuae
756 1803 1006 1858 benignitati
1040 1803 1189 1844 uberes
1225 1802 1395 1857 gratias.
1430 1802 1464 1844 si
1497 1815 1563 1843 me
1594 1802 1748 1843 litteris

222 1875 349 1917 fueris
406 1875 578 1917 uisitare
629 1875 841 1929 dignatus.
899 1874 1121 1928 Pelagium
1170 1886 1269 1915 uero
1322 1874 1491 1914 fratrem
1541 1876 1748 1922 nostrum,

222 1946 355 1987 filium
406 1948 542 1988 tuum.
595 1959 719 1999 quem
771 1945 895 1987 audio
949 1945 1057 1999 quod
1103 1945 1284 1986 multum
1330 1944 1487 1998 diligis,
1536 1944 1642 1985 hanc
1686 1944 1750 1985 illi

224 2030 403 2072 suggero
443 2017 637 2059 exhibeas
671 2017 951 2067 dilectionem,
991 2019 1038 2057 ut
1070 2016 1271 2067 homines,
1310 2017 1380 2069 qui
1415 2028 1509 2057 eum
1543 2018 1752 2057 nonerunt

273 2194 287 2227 1
318 2191 546 2227 honorandus
574 2192 608 2225 P
703 2191 850 2225 adiuuet
877 2191 1134 2236 temptationes
1162 2191 1207 2224 1³¹
1281 2192 1302 2225 4
1330 2193 1511 2236 potestate
1537 2190 1691 2234 positum
1723 2190 1751 2222 T

271 2252 523 2297 possibilitate,
551 2262 594 2285 m.
622 2253 647 2285 2
673 2254 708 2285 et
735 2251 978 2296 possibilitate
1007 2251 1040 2284 P
1113 2251 1133 2284 5
1160 2250 1382 2284 orationibus
1411 2250 1501 2283 lrm
1586 2250 1606 2283 6
1633 2249 1748 2290 breui}

224 2312 303 2346 brui
331 2312 430 2355 (εἰσί)
456 2311 491 2345 Ρ
603 2312 623 2345 8
652 2311 910 2345 conscriberem
938 2311 1019 2344 ΡΡ1
1047 2310 1126 2345 edd.
1233 2310 1371 2346 inmori.
1399 2321 1443 2343 m.
1472 2312 1496 2343 2
1522 2309 1689 2342 inmorari
1718 2308 1752 2341 P

226 2374 245 2405 9
267 2382 470 2404 ·onerosum
499 2370 534 2412 (h
562 2372 668 2409 eras.)
695 2369 728 2402 P
805 2369 846 2403 10
874 2370 1039 2413 oninique
1070 2368 1151 2402 1’P1
1179 2380 1210 2402 m
1237 2369 1464 2413 omniumque
1492 2367 1581 2410 aes

594 2487 623 2519 1*
657 2504 698 2515 =
726 2487 801 2521 cod.
836 2486 1039 2520 Vaticanus
1068 2488 1143 2519 495
1168 2496 1195 2519 8.
1224 2485 1308 2519 ΧΓ.

588 2546 621 2580 U
657 2563 699 2574 ==
727 2546 804 2580 eod.
841 2546 1042 2579 Vaticanus
1071 2547 1148 2578 499
1172 2556 1198 2579 s.
1227 2544 1312 2578 XV.

346 2628 597 2662 Louanienses
628 2628 724 2662 hanc
755 2626 948 2670 epistulam
974 2627 1014 2660 in
1048 2626 1241 2660 Vaticanis
1273 2626 1539 2670 cumpluribus
1572 2629 1745 2669 repertam

224 2688 335 2731 primi
359 2687 560 2721 ediderunt.

279 2804 320 2837 123
348 2806 384 2837 et
410 2803 550 2848 merito]
579 2814 618 2836 ac
644 2803 771 2836 merito
799 2802 877 2835 edd.
955 2803 996 2836 19
1023 2801 1220 2836 rediturum
1248 2813 1324 2836 essc
1357 2802 1388 2836 U

1635 2871 1699 2904 44*
