1952 3118
650 141 1004 185 epistularum
1045 140 1219 175 CLXVII.
1577 144 1662 184 595

131 275 274 313 contra
312 271 488 325 patriam
528 270 832 320 ooniurauerat,
878 273 920 311 et
956 270 1049 311 ideo
1089 283 1164 311 nee
1202 270 1404 312 fortitudo
1445 274 1548 321 erat,
1589 271 1662 312 sed

131 342 285 383 duritia
324 342 418 387 sibi.
458 344 504 383 ut
536 341 691 383 stultos
723 341 901 391 falleret,
941 354 1092 383 nomen
1125 341 1386 383 fortitudinis
1421 342 1658 395 iupouebat.

131 426 225 454 nam
253 413 287 454 si
314 413 516 455 fortitudo
544 416 671 462 esset,
705 425 785 453 non
818 412 972 453 uitium
1006 412 1079 454 sed
1113 412 1249 454 uirtus
1284 415 1414 462 esset3
1450 413 1485 454 si
1519 418 1657 455 autem

130 484 267 524 uirtus
320 487 447 533 esset,
498 497 521 525 a
565 483 715 525 ceteris
766 483 999 524 uirtutibus
1050 487 1266 537 tamquam
1311 484 1661 537 inseparabilibus

90 571 105 595 s
131 555 358 596 comitibus
392 567 619 608 numquam
653 554 967 607 relinqueretur.

190 624 452 680 Quapropter
491 639 586 667 cum
625 625 842 678 quaeritur
880 625 1006 666 etiam
1045 625 1095 666 de
1136 625 1268 675 uitiis,
1308 630 1450 667 utrum
1490 630 1531 666 et
1571 626 1661 679 ipsa

131 696 326 737 similiter
364 699 405 737 et
445 697 583 737 omnia
622 696 719 739 sint.
765 696 836 737 ubi
875 709 1005 736 uuum
1045 696 1137 746 erit,
1183 700 1257 737 aut
1295 697 1410 737 nulla
1449 697 1545 746 sint,
1592 697 1662 738 ubi

131 781 258 808 unum
300 781 377 809 uon
419 767 510 820 erit,
548 768 806 809 laboriosum
847 771 912 808 est
950 767 991 807 id
1032 767 1252 809 ostendere
1291 770 1524 821 propterea.
1566 768 1664 820 quia

132 838 199 878 uui
233 838 379 879 uirtuti
415 838 496 879 duo
524 838 630 879 uitia
657 838 810 892 opponi
837 839 987 887 solent,
1023 841 1064 879 et
1090 837 1202 891 quod
1235 845 1376 891 aperte
1411 839 1661 879 contrarium

78 927 109 951 ιο
131 915 196 950 est
222 918 263 950 et
291 909 402 962 quod
437 909 576 963 speeie
599 908 890 951 similitudinis
913 909 1197 950 adumbratur.
1225 909 1333 950 unde
1360 909 1432 950 illa
1459 909 1663 951 Catilinae

131 980 229 1033 quia
248 981 452 1022 fortitudo
480 994 558 1022 uon
588 984 688 1031 erat,
716 993 821 1034 quae
849 993 995 1021 seeum
1022 980 1204 1021 uirtutes
1233 980 1335 1022 alias
1362 992 1443 1021 non
1470 979 1662 1021 habebat.

130 1051 297 1093 facilius
337 1051 577 1101 uidebatur;
625 1052 736 1106 quod
775 1064 874 1093 uero
914 1051 1084 1106 ignauia
1123 1051 1263 1101 fuerit,
1311 1051 1383 1093 ubi
1422 1051 1662 1092 exercitatio

131 1123 340 1174 quaslibet
391 1123 666 1177 grauissimas
717 1122 934 1164 molestias
982 1122 1243 1176 perpetiendi
1289 1124 1414 1176 atque
1460 1121 1662 1163 tolerandi

130 1194 281 1246 ‘supr-a,
329 1206 453 1247 quam
499 1193 695 1247 cuiquam
741 1193 939 1234 credibile
979 1195 1074 1241 est.)
1118 1193 1212 1241 fuit,
1258 1206 1379 1246 aegre
1421 1193 1663 1246 persuaderi

73 1282 104 1308 ιε,
131 1267 283 1317 potest.
337 1264 409 1306 sed
462 1265 568 1306 sorte
620 1264 786 1305 acutius
832 1263 1096 1305 intuentibus
1141 1263 1311 1318 ignauia
1356 1268 1527 1317 apparet
1570 1263 1663 1316 ipsa

132 1334 299 1384 duritia,
328 1335 626 1388 quialaborem
641 1335 845 1377 bonorum
862 1335 1114 1384 studiorum,
1136 1335 1290 1388 quibus
1312 1347 1411 1375 uera
1430 1334 1665 1387 adquiritur

130 1406 347 1448 fortitudo.
392 1407 642 1460 neglexerat.
686 1419 834 1447 uerum
872 1409 1025 1455 tamen,
1073 1406 1168 1458 quia
1213 1409 1311 1447 sunt
1350 1406 1542 1454 audaces,
1590 1406 1662 1459 qui

131 1477 269 1518 timidi
308 1490 388 1518 nou
429 1480 540 1527 sunt,
580 1479 622 1518 et
665 1490 811 1519 rursus
851 1476 1003 1525 timidi,
1050 1490 1073 1517 a
1117 1477 1270 1530 quibus
1318 1477 1429 1518 absit
1473 1477 1661 1525 audacia,

133 1561 226 1588 cum
268 1548 323 1588 sit
363 1552 590 1601 utrumque
629 1548 799 1596 uitium,
846 1547 1056 1600 quoniam,
1098 1547 1169 1600 qui
1208 1560 1308 1589 uera
1340 1547 1500 1588 uirtute
1539 1547 1662 1589 fortis

71 1637 104 1661 20
132 1627 208 1666 est,
254 1631 328 1659 nee
374 1622 530 1660 temere
576 1618 704 1660 audet
742 1631 816 1660 nec
855 1618 1092 1660 inconsulte
1130 1618 1265 1670 timet,
1311 1618 1501 1673 cogimur
1539 1619 1660 1660 fateri

131 1689 235 1729 uitia
267 1689 388 1743 plura
422 1702 513 1731 esse
547 1689 796 1731 uirtutibus.

180 1852 194 1885 l
224 1862 288 1885 nee
313 1855 367 1895 (ec
392 1863 437 1887 m.
466 1854 491 1885 2
515 1852 555 1885 in
582 1854 668 1895 ras.)
695 1852 736 1885 K
758 1863 829 1885 non
856 1852 1019 1895 Euyippi
1044 1851 1119 1886 cod.
1150 1851 1233 1887 Vat.
1355 1851 1419 1885 sed
1443 1862 1560 1895 supra
1587 1863 1659 1885 ras.

131 1923 172 1944 m.
196 1914 214 1944 1
233 1911 269 1944 P
316 1912 337 1945 2
365 1911 497 1945 stultus
518 1911 566 1945 P¹
616 1912 637 1945 3
656 1922 730 1955 pro
744 1915 840 1956 post.
862 1914 958 1945 esset
981 1922 1055 1945 ras.
1083 1915 1115 1945 et
1139 1922 1253 1955 supra
1278 1922 1323 1944 m.
1345 1914 1364 1944 1
1383 1923 1422 1945 ee
1442 1910 1492 1944 P²
1539 1912 1562 1946 4
1588 1914 1661 1945 tam

129 1970 299 2004 P¹KVN
393 1971 413 2004 ἵ)
439 1970 722 2015 relinqueremur
748 1970 791 2004 H
885 1970 905 2003 6
933 1969 1014 2003 dum
1042 1969 1122 2005 edd.
1259 1970 1302 2004 de
1329 1970 1443 2014 uitiis]
1472 1969 1612 2004 diuitiis
1639 1971 1664 2003 I

177 2034 213 2063 et
244 2030 323 2074 ipsa
352 2029 521 2064 similiter
552 2030 672 2063 omnia
697 2029 765 2063 HI
793 2029 872 2074 ipsa
902 2029 1068 2063 similiter
1100 2030 1219 2063 onmia
1244 2028 1447 2064 P¹KVRC
1476 2028 1556 2063 edd.
1585 2030 1663 2073 ipsa

130 2089 250 2122 onmia
274 2089 442 2123 similiter
467 2089 505 2123 N
585 2089 603 2122 Τ
632 2089 751 2122 omnia
777 2091 862 2123 sunt
894 2088 953 2122 VI
1022 2089 1043 2122 8
1070 2088 1122 2133 id]
1151 2088 1180 2122 ti
1206 2088 1310 2132 (sies)
1339 2087 1387 2122 Ρι
1461 2088 1482 2122 9
1511 2088 1597 2133 quid
1623 2089 1666 2122 ΙΙ

132 2148 170 2181 11
212 2149 346 2191 secum]
384 2147 578 2182 secundum
611 2148 679 2181 III
714 2151 810 2182 esset
849 2159 927 2182 eum
962 2146 1134 2181 P1A'VN
1169 2151 1265 2181 esset
1311 2158 1389 2181 eum
1428 2158 1547 2181 secum
1581 2147 1659 2181 edd.

176 2207 263 2241 alies
289 2208 388 2250 (sic-l)
416 2207 458 2241 H
482 2207 554 2241 alia
579 2207 604 2240 I
677 2208 719 2241 12
747 2207 916 2241 exercitio
936 2207 963 2240 I
1029 2207 1072 2241 13
1099 2206 1263 2251 qualibet
1281 2205 1415 2241 HP¹V
1438 2206 1602 2251 qualibet
1626 2207 1662 2239 Ι(

129 2266 290 2311 quelibet
314 2266 350 2301 R
377 2267 485 2301 fuerit
512 2266 675 2311 qualibet
699 2265 742 2299 N
861 2266 904 2300 14
931 2266 1059 2310 cuique
1085 2266 1120 2300 P
1146 2266 1201 2300 cui
1227 2265 1267 2299 N
1387 2265 1556 2300 credibile
1582 2276 1661 2299 cum

123 2336 250 2368 parua
275 2336 348 2358 rzw.
373 2337 482 2369 super
501 2329 618 2369 postr.
646 2325 668 2360 l.
695 2325 730 2358 P
826 2330 881 2359 est
906 2336 973 2359 om.
1002 2326 1036 2359 P
1149 2326 1220 2359 fuit
1246 2325 1290 2369 (it
1314 2326 1355 2359 in
1381 2336 1454 2359 rus.
1482 2336 1526 2358 m.
1553 2327 1585 2367 1)
1612 2323 1659 2357 1)ι

128 2387 190 2417 aut
216 2383 258 2417 N
375 2399 379 2414 ι
410 2383 626 2429 (persuaderi
654 2387 739 2425 (ras.
767 2387 861 2418 1—:2
888 2384 925 2422 l.)
952 2384 994 2417 K
1022 2384 1236 2428 persuadere
1262 2384 1340 2418 ΗΡ
1363 2383 1529 2427 Εαρὶρμί
1554 2383 1657 2417 codd.

124 2447 272 2486 praeter
291 2443 373 2477 Vat.
395 2448 412 2477 ἐ
431 2443 606 2488 psuadere
634 2442 846 2488 persuadere
875 2444 974 2486 (olef)
995 2442 1042 2476 1²¹
1095 2445 1136 2478 15
1158 2443 1291 2478 duritia
1311 2444 1389 2488 ipsa
1408 2442 1450 2476 N
1499 2443 1540 2476 16
1561 2443 1659 2486 quial

130 2513 198 2548 qut:
224 2502 259 2536 P
282 2503 446 2548 Euyippi
471 2503 574 2539 codd.
600 2503 775 2538 nonnulli
844 2503 885 2537 17
913 2503 1133 2548 neglegebat
1158 2502 1227 2537 HI
1321 2503 1382 2546 qui
1409 2501 1543 2545 timidi]
1573 2500 1658 2545 quid

128 2561 215 2594 milii
240 2560 289 2594 P¹
402 2563 443 2595 lt<
469 2562 542 2595 sint
571 2561 610 2595 ll
727 2578 793 2595 uu
820 2564 857 2595 et
881 2572 1001 2595 rursus
1027 2561 1122 2604 (fuit
1148 2565 1185 2595 et
1210 2563 1282 2603 sur)
1307 2559 1350 2594 N
1455 2558 1594 2593 tiffmidi
1630 2558 1663 2591 V

177 2632 196 2653 a
222 2631 289 2654 om.
317 2620 490 2655 HVIRG
513 2620 591 2654 edd.
679 2620 783 2654 abest
808 2619 887 2654 edd.
974 2619 1124 2655 audacia
1149 2623 1207 2663 (Αἰ
1235 2622 1344 2661 eras.)
1369 2619 1408 2653 N
1474 2619 1519 2652 20
1546 2621 1660 2651 teme-

130 2690 184 2712 re·
219 2679 306 2722 (fm't
338 2684 366 2721 t)
399 2678 439 2712 N
605 2679 820 2722 inconsultu,
852 2691 896 2714 m.
931 2681 956 2712 2
993 2679 1195 2713 inconsulte
1228 2679 1268 2712 J(
1436 2678 1477 2712 21
1521 2676 1659 2722 pluaeres

129 2739 222 2781 (suit
250 2748 278 2780 r)
308 2738 331 2771 I

1545 2804 1611 2839 3⁵³*
