1952 3118
4 852 92 895 148

120 651 135 675 5

106 1004 138 1029 10

107 1360 139 1385 15

109 1716 142 1741 20

642 221 994 266 epistularum
1033 221 1207 256 CXLVII.
1600 225 1686 266 323

161 355 287 405 atque
331 351 370 392 in
417 364 462 392 se
505 351 908 393 incommutabiliter
957 353 1148 392 manente
1200 352 1451 394 substantia.
1496 353 1531 394 si
1576 353 1688 395 enim

162 423 358 464 uoluntas
391 425 534 465 nostra
565 422 676 476 apud
710 435 753 463 se
788 435 959 463 manens
994 425 1036 463 et
1066 423 1200 463 latens
1234 423 1322 464 sine
1354 423 1441 465 ulla
1472 425 1537 466 sui
1577 437 1687 466 com-

161 494 408 543 mutatione.
453 507 525 547 per
562 506 665 547 quas
704 506 748 535 se
784 495 1016 546 utcumque
1061 493 1267 542 ostendat,
1314 495 1507 548 exprimit
1543 508 1686 547 uoceS‚

162 567 316 618 quanto
348 564 517 606 facilius
551 564 653 606 deus
684 564 948 617 omnipotens
976 576 1051 604 sua
1076 564 1232 605 latente
1259 567 1385 618 atque
1410 565 1687 608 incommuta-

161 636 302 677 biliter
345 637 537 676 manente
582 638 743 683 natura.
789 635 828 676 in
873 648 953 687 qua
997 635 1182 676 uoluerit
1226 636 1376 689 specie,
1421 639 1575 689 potest,
1620 637 1687 678 cui

161 706 358 755 uoluerit,
399 719 610 759 apparere,
649 706 721 759 qui
761 718 812 747 ex
857 705 1014 747 nihilo
1059 706 1252 747 creauit
1297 707 1434 747 omnia
1473 710 1598 760 atque
1639 708 1688 749 in

163 790 212 819 se
245 790 444 818 manens
478 777 687 818 innouat
719 777 902 818 omnia!

222 848 286 889 Ad
323 861 413 889 eam
451 861 552 889 uero
591 848 814 891 uisionem.
859 860 940 901 qua
978 847 1219 889 uidebimus
1258 849 1398 898 deum.
1443 849 1570 891 sicuti
1610 853 1693 899 est..

162 918 399 960 mundanda
432 918 555 960 corda
587 918 857 960 commonuit.
891 919 989 972 quia
1027 919 1135 959 enim
1177 931 1347 973 corpora
1386 921 1695 963 consuetudine·

161 990 360 1043 loquendi
387 989 574 1031 uisibilia
599 990 879 1032 nominantur.
906 992 1124 1044 propterea
1151 990 1254 1031 deus
1274 990 1501 1031 inuisibilis
1522 990 1693 1039 dicitur,

163 1073 213 1102 ne
241 1074 392 1114 corpus
420 1074 514 1102 esse
536 1061 741 1103 credatur.
763 1073 843 1102 non
868 1062 964 1115 quia
984 1061 1107 1102 corda
1127 1060 1284 1103 munda
1306 1074 1406 1103 suae
1429 1061 1689 1103 substantiae

164 1131 516 1184 contemplatione
547 1131 772 1182 fraudabit,
814 1145 908 1174 cum
941 1132 1043 1173 haec
1075 1145 1227 1186 magna
1260 1134 1302 1174 et
1334 1145 1499 1174 summa
1531 1146 1689 1175 merces

164 1202 287 1243 deum
309 1202 545 1244 colentibus
561 1205 603 1244 et
622 1203 898 1257 diligentibus
918 1203 1191 1257 promittatur
1211 1203 1374 1245 dicente
1394 1203 1484 1258 ipso
1506 1204 1689 1248 domino.

165 1273 326 1326 quando
360 1273 646 1326 corporalibus
680 1274 814 1316 oculis
848 1274 1076 1316 uisibiliter
1107 1275 1335 1328 apparebat
1366 1278 1408 1316 et
1432 1275 1690 1317 inuisibilem

165 1357 209 1386 se
254 1345 536 1386 contuendum
581 1345 751 1387 mundis
796 1345 993 1387 cordibus
1038 1346 1334 1399 promittebat:
1381 1345 1470 1396 Qui
1517 1346 1692 1400 diligit

165 1428 251 1457 me.
280 1415 524 1470 diligetur
550 1429 573 1457 a
600 1417 741 1470 patre
766 1428 871 1457 11160
899 1420 947 1457 et
974 1429 1060 1471 ego
1089 1416 1294 1471 diligam
1324 1429 1428 1457 eum
1458 1418 1505 1457 et
1531 1419 1690 1458 osten-

167 1486 270 1527 dam
303 1499 374 1527 me
407 1487 567 1540 ipsum
601 1487 693 1528 illi.
727 1487 831 1529 haec
863 1488 1017 1541 quippe
1043 1490 1190 1529 natura
1217 1487 1308 1529 eius
1335 1487 1566 1541 aequaliter
1593 1499 1688 1529 cum

165 1559 281 1611 patre
313 1557 543 1600 inuisibilis
570 1558 682 1599 sicut
707 1558 940 1612 aequaliter
964 1558 1296 1612 incorruptibilis
1323 1561 1401 1608 est,
1434 1571 1552 1612 quae,
1579 1558 1693 1600 sicut

167 1642 291 1683 supra
324 1629 484 1670 dictum
516 1632 595 1674 est.
634 1630 910 1672 continuatim
949 1629 1167 1684 apostolus
1199 1630 1343 1684 posuit
1376 1629 1561 1671 diuinam
1595 1629 1690 1671 sub-

167 1701 379 1751 stantiam,
425 1713 507 1754 qua
548 1700 701 1754 potuit,
745 1700 985 1742 hominibus
1029 1700 1338 1754 praedicatione
1380 1701 1692 1742 commendans.

167 1784 288 1825 quam
329 1772 363 1813 si
403 1771 515 1813 oculi
560 1772 796 1826 corporales
834 1772 875 1813 in
914 1772 1219 1814 resurrectione
1263 1774 1426 1814 mutata
1469 1785 1689 1826 corporum

168 1843 369 1896 qualitate
403 1843 676 1897 conspicient.
710 1842 906 1892 uiderint,
939 1843 1010 1895 qui
1037 1843 1114 1885 hoc
1146 1846 1326 1896 possunt
1357 1843 1590 1887 adstruere:
1625 1856 1693 1884 me

167 1914 260 1967 plus
294 1916 438 1956 mouet
467 1914 583 1955 illius
617 1914 836 1963 sententia.
872 1914 942 1967 qui
975 1927 1050 1955 nec
1081 1914 1121 1955 in
1153 1915 1245 1968 ipsa
1276 1914 1579 1956 resurrectione
1612 1914 1692 1955 hoc

168 1985 450 2038 corporalibus
485 1985 619 2026 oculis
653 1985 727 2026 sed
758 1985 925 2026 mundis
959 1985 1157 2026 cordibus
1189 1986 1352 2027 tribuit.

286 2172 307 2207 6
334 2172 367 2206 II
394 2172 509 2206 Mach.
544 2173 576 2215 7,
609 2172 654 2206 28
759 2173 841 2217 Sap.
876 2173 907 2216 7,
934 2173 978 2206 27
1075 2172 1117 2208 10
1150 2172 1224 2209 Col.
1260 2173 1291 2213 1,
1326 2173 1386 2212 15;
1421 2172 1435 2206 I
1470 2172 1559 2206 Tim.
1589 2172 1618 2207 1.
1648 2171 1691 2205 17

171 2232 213 2266 15
240 2231 316 2266 1011.
346 2232 400 2275 14,
426 2231 467 2265 21
548 2232 588 2265 17
617 2231 633 2265 Ι
660 2231 748 2266 Tim.
779 2232 808 2275 1,
838 2233 879 2266 17

220 2350 234 2383 1
264 2349 488 2384 substantia»
509 2350 650 2394 (fuitne
675 2361 693 2385 e
720 2349 753 2392 .9)
787 2350 819 2384 T
924 2350 945 2383 2
973 2350 1026 2384 sui
1054 2360 1120 2384 om.
1152 2349 1253 2384 TOL
1374 2348 1690 2384 commutationem

170 2408 250 2449 (del.
272 2413 387 2453 postr.
416 2409 454 2453 l.)
479 2409 522 2443 H
623 2410 643 2443 3
671 2420 707 2443 se
734 2421 812 2448 om..
839 2420 883 2442 m.
913 2411 938 2443 2
964 2409 1050 2443 add.
1083 2408 1113 2443 O
1236 2407 1439 2442 *slostendat
1469 2407 1498 2442 Ο
1523 2406 1693 2441 ostendat

171 2467 234 2510 bis.
261 2469 413 2503 alterum
441 2480 484 2502 m.
510 2471 529 2502 1
555 2468 623 2504 del.
650 2469 698 2503 M
767 2470 789 2503 4
814 2468 951 2503 latante
978 2468 1013 2502 A
1087 2470 1107 2502 5
1135 2470 1300 2502 manente
1334 2467 1365 2501 T
1435 2467 1455 2501 8
1482 2466 1636 2500 uidimus
1657 2466 1691 2499 A

170 2527 191 2561 9
218 2527 278 2572 qui
303 2527 337 2560 L
464 2539 613 2573 corpora
639 2539 704 2563 om.
738 2527 837 2562 TOL
962 2528 1004 2561 10
1030 2527 1161 2562 uisibia
1186 2527 1228 2561 H
1250 2527 1410 2561 uisibilia
1436 2526 1633 2571 corporalia
1659 2525 1692 2558 L

174 2585 212 2619 11
242 2597 305 2620 nec
332 2589 363 2629 (c
390 2586 472 2628 del.)
501 2587 542 2620 Π
611 2598 747 2632 corpos,
775 2598 865 2621 corr.
894 2598 1021 2631 corpus
1048 2586 1091 2621 H
1167 2586 1300 2621 munda
1325 2597 1392 2620 om.
1420 2586 1452 2619 L
1529 2585 1570 2618 12
1596 2584 1691 2617 frau-

172 2644 272 2679 <lauit
301 2645 562 2680 OHMFAPL
578 2646 661 2690 flr
686 2645 896 2680 fraudantur
922 2656 976 2680 ae
1078 2657 1209 2690 magna
1233 2656 1300 2680 om.
1328 2645 1361 2678 L
1461 2644 1503 2677 14
1530 2644 1692 2687 incorpo-

174 2703 306 2738 ralibus
332 2704 364 2738 L
417 2706 458 2739 16
486 2703 652 2749 diligitur
683 2705 748 2739 TA
802 2706 842 2739 17
870 2704 924 2738 illi
953 2705 991 2739 in
1018 2711 1092 2738 rasss
1118 2716 1163 2739 m.
1189 2709 1230 2738 uc
1258 2703 1332 2737 uid.
1360 2706 1378 2737 1
1409 2703 1440 2736 Τ
1492 2704 1532 2736 19
1559 2701 1691 2738 dinam.

174 2773 217 2796 m.
243 2765 263 2797 1
287 2773 378 2798 corr.
405 2763 562 2798 diuinam
592 2763 634 2797 H
715 2765 760 2799 20
787 2765 871 2808 quia
896 2765 930 2797 A
1016 2765 1061 2798 22
1089 2764 1246 2806 conspici
1263 2764 1345 2797 s'ent
1378 2762 1406 2796 O
1492 2762 1536 2795 23
1562 2761 1597 2794 in
1624 2771 1692 2795 om.

181 2821 278 2856 TOL
351 2823 395 2857 24
422 2822 563 2857 mundis
591 2826 621 2864 (s
648 2826 753 2866 eras.)
780 2823 894 2858 cordis
923 2822 1086 2858 cordibus
1119 2822 1151 2857 T

1579 2887 1644 2921 τη*

1581 2911 1599 2919 .-
