1924 3122
12 793 49 834 II
64 793 116 835 33

698 242 1048 286 epistularum
1088 241 1190 277 CXL.
1623 245 1706 286 183

179 370 338 412 animae
371 370 410 411 in
444 371 560 412 tanto
594 372 765 412 naturae
798 371 1004 424 profundo
1033 372 1093 413 sic
1124 373 1263 422 lateat,
1292 375 1339 414 ut
1371 372 1505 414 satius
1534 373 1589 414 sit
1615 385 1705 414 eam

179 454 342 495 semper
367 454 576 495 quaerere,
606 454 730 495 quam
753 441 825 483 diu
851 442 892 482 in
919 442 996 483 hac
1023 442 1112 484 uita
1140 456 1301 493 sumus,
1331 456 1456 496 quam
1484 444 1706 497 aliquando

178 512 386 553 inuenisse
412 515 705 564 praesumere?
734 525 779 554 ex
806 512 880 553 illa
905 525 1003 554 uero
1032 513 1072 554 in
1102 526 1146 555 se
1172 514 1313 567 ipsum
1340 514 1706 568 transfiguratione

178 584 318 624 nostra
354 595 478 636 quem
517 583 567 624 ad
604 583 777 625 modum
815 587 988 637 possent
1024 584 1126 625 haec
1169 585 1315 637 accipi,
1351 584 1510 626 dictum
1551 587 1626 627 est.
1671 585 1706 626 si

179 653 278 708 quid
327 658 467 695 autem
514 654 831 695 conuenientius
876 654 959 696 dici
1004 655 1143 708 potuit
1188 656 1256 696 uel
1302 656 1501 708 potuerit,
1549 656 1706 697 nullius

121 1023 152 1048 10

123 1379 153 1404 15

120 1734 154 1759 20

121 2087 154 2113 25

176 725 509 779 praeiudicamus
542 725 723 779 ingenio,
757 725 970 767 doctrinae
1003 726 1162 768 nullius
1194 725 1449 768 inuidemus.

235 796 322 837 Iam
349 796 470 845 illud,
499 795 611 849 quod
638 795 852 849 sequitur:
885 795 956 838 Ne
990 796 1242 838 discedas
1278 810 1300 838 a
1333 810 1422 847 me,
1458 798 1706 850 quoniam

177 866 472 909 tribulatio
519 867 756 920 proxima
808 870 901 916 est,
949 867 1059 910 uide.
1105 871 1152 910 ut
1201 868 1439 916 inluminet,
1485 882 1610 922 quem
1655 869 1706 909 ad

177 938 346 980 modum
386 938 545 979 dictum
585 938 657 980 sit:
705 937 874 989 Quare
920 952 994 980 me
1040 939 1428 993 dereliquisti?
1467 952 1548 992 quo
1582 939 1707 981 modo

178 1010 286 1050 enim
320 1009 555 1063 dereliquit,
587 1010 654 1051 cui
687 1009 859 1051 dicitur:
894 1010 966 1051 Ne
1000 1010 1268 1061 discedas,
1309 1011 1389 1052 nisi
1429 1011 1527 1064 quia
1559 1011 1706 1052 dereli-

178 1081 268 1134 quit
299 1081 412 1122 uitae
446 1081 603 1122 ueteris
635 1082 910 1135 temporalem
942 1082 1218 1124 felicitatem?
1257 1084 1431 1137 rogatur
1469 1084 1623 1132 autem,
1658 1095 1706 1123 ne

178 1152 366 1194 discedat
404 1155 445 1192 et
483 1151 647 1193 deserat
685 1164 802 1205 spem
842 1153 954 1194 uitae
995 1155 1199 1195 aeternae.
1239 1153 1314 1194 sed
1346 1153 1446 1206 quid
1479 1155 1544 1194 est
1577 1156 1707 1206 ‘quo-

178 1223 312 1264 niam
358 1222 654 1265 tribulatio
703 1223 941 1275 proxima
987 1226 1111 1265 est’?
1158 1225 1279 1277 quasi
1318 1225 1354 1265 ei
1393 1225 1532 1278 passio
1571 1224 1708 1265 adhuc

178 1294 424 1343 immineret,
454 1306 549 1335 cum
576 1294 616 1335 in
644 1294 736 1348 ipsa
763 1294 900 1336 media.
925 1295 1120 1348 passione
1147 1296 1231 1336 ista
1257 1295 1393 1337 dicere
1420 1296 1707 1350 intellegatur.

178 1378 282 1418 quae
315 1364 364 1406 de
390 1365 463 1406 illo
498 1364 535 1405 in
569 1365 648 1407 hoc
674 1365 837 1418 psalmo
864 1366 1112 1420 prophetata
1139 1369 1250 1408 sunt.
1284 1366 1352 1407 hic
1380 1366 1490 1407 enini
1516 1366 1707 1408 dicturus

178 1438 242 1477 est
267 1436 408 1487 etiam,
437 1449 542 1490 quae
570 1436 609 1477 in
638 1437 856 1491 euangelio
885 1437 1150 1491 apertissime
1178 1437 1334 1490 scripta
1356 1441 1471 1478 sunt:
1499 1437 1707 1478 Diuise-

178 1510 298 1548 runt
337 1507 440 1548 sibi
480 1507 815 1549 uestimenta
855 1521 966 1549 mea
1007 1511 1057 1549 et
1096 1521 1257 1561 super
1295 1510 1501 1549 uestem
1547 1521 1708 1549 meam

179 1577 444 1619 miserunt
479 1580 691 1629 sortem,
727 1579 839 1632 quod
872 1580 1031 1621 factum
1066 1582 1144 1622 est.
1179 1592 1275 1621 cum
1314 1580 1396 1620 iam
1437 1579 1635 1632 penderet
1667 1579 1707 1620 in

176 1648 302 1703 ligno.
351 1648 449 1701 quid
496 1653 561 1690 est
604 1662 701 1703 ergo
747 1650 1055 1691 ‘tribulatio
1102 1650 1340 1703 proxima
1386 1653 1495 1700 est',
1540 1650 1580 1691 in
1628 1663 1708 1703 qua

179 1719 313 1760 inedia
344 1719 623 1772 loquebatur?
657 1721 731 1762 sed
764 1721 961 1762 nimirum
989 1722 1095 1762 illud
1124 1722 1218 1763 uult
1243 1721 1448 1776 intellegi,
1476 1721 1585 1775 quia,
1615 1734 1709 1762 cum

179 1802 270 1832 caro
304 1790 343 1831 in
379 1791 594 1833 doloribus
629 1795 693 1833 est
727 1796 768 1833 et
799 1792 838 1834 in
871 1794 1029 1846 poenis,
1061 1793 1247 1846 profecto
1282 1793 1420 1834 anima
1451 1795 1550 1835 tunc
1583 1792 1710 1833 habet

178 1874 375 1916 magnum
410 1875 584 1917 agonem
620 1863 858 1916 patientiae,
887 1864 927 1904 in
963 1876 1044 1917 quo
1078 1877 1128 1905 ne
1160 1863 1340 1913 deficiat,
1367 1862 1640 1905 laborandum
1669 1866 1709 1904 et

179 1933 376 1974 orandum
418 1936 492 1974 est.
534 1934 633 1974 nihil
670 1937 733 1975 est
768 1937 906 1976 autem
948 1935 1109 1976 animae
1151 1948 1226 1977 sua
1264 1947 1385 1977 carne
1422 1934 1708 1988 propinquius.

178 2003 269 2045 ideo
314 2005 458 2046 mundi
504 2005 629 2047 huius
675 2005 854 2059 quilibet
898 2018 1076 2061 magnus
1114 2006 1409 2060 perfectusque
1449 2008 1711 2058 contemptor

181 2087 273 2116 cum
308 2075 407 2116 alibi
441 2076 612 2128 patitur,
646 2076 751 2117 nihil
784 2076 953 2130 patitur.
986 2079 1127 2130 potest
1161 2077 1269 2118 enim
1304 2075 1500 2117 adhibere
1534 2075 1708 2129 uigilem

179 2145 394 2194 rationem,
423 2159 518 2187 cum
545 2147 704 2188 amittit
730 2147 847 2197 bona,
875 2160 979 2200 quae
1008 2147 1266 2188 extrinsecus
1295 2150 1394 2188 sunt
1421 2151 1462 2188 et
1488 2147 1537 2187 ab
1572 2146 1707 2186 animo

181 2217 394 2270 sapientis,
428 2217 498 2270 qui
531 2230 576 2258 ex
611 2217 842 2270 cupiditate
875 2230 953 2258 non
988 2218 1144 2259 haeret.
1173 2218 1261 2258 sine
1289 2217 1416 2258 ‹lubio
1444 2219 1569 2271 longe
1597 2221 1707 2265 sunt,

181 2289 222 2327 et
263 2300 342 2328 non
390 2300 547 2331 curare.
593 2287 704 2341 quod
748 2288 921 2340 patitur,
968 2288 1064 2342 quia
1115 2301 1188 2330 nec
1236 2289 1409 2342 patitur.
1462 2302 1556 2330 cum
1610 2301 1707 2329 uero

299 2415 317 2448 7
343 2415 401 2449 Ps.
429 2416 485 2455 21,
516 2416 557 2449 12
636 2416 676 2449 16
706 2415 782 2449 Ich.
812 2416 866 2451 19.
893 2416 955 2455 24;
985 2416 1040 2449 Ps.
1069 2416 1124 2457 21,
1154 2416 1196 2450 lo

226 2485 247 2519 4
273 2487 422 2530 possunt
447 2486 482 2521 R
551 2487 572 2520 5
600 2485 670 2520 dici
698 2486 817 2531 potuit
845 2487 1118 2521 conuenientius
1145 2487 1224 2521 edd.
1296 2488 1313 2520 7
1342 2486 1440 2521 aliud
1470 2487 1503 2520 G
1576 2487 1615 2520 10
1645 2485 1705 2519 de-

181 2544 351 2588 relinquit
375 2544 417 2578 N
511 2544 674 2580 discedas
702 2558 722 2579 a
748 2557 802 2579 nie
829 2546 897 2579 nisi
923 2545 1000 2579 ΝΤ
1024 2545 1104 2581 edd.
1210 2546 1428 2590 derelinquit
1454 2545 1494 2579 N
1591 2545 1632 2578 13
1660 2545 1706 2587 eil

183 2605 218 2636 ct
245 2603 318 2638 GT
392 2605 432 2637 14
459 2604 704 2649 intellegatur,
731 2616 774 2638 m.
794 2605 960 2647 fortasse
987 2608 1004 2638 1
1030 2616 1119 2639 corr.
1149 2606 1409 2650 intellegantur
1431 2604 1464 2639 G
1535 2605 1576 2638 16
1604 2614 1705 2647 aper-

182 2662 320 2696 tissima
346 2662 379 2696 L
476 2664 521 2697 20
548 2662 644 2707 quod
669 2663 712 2699 N
807 2665 847 2697 21
879 2666 933 2698 est
959 2664 993 2698 in
1021 2663 1206 2698 doloribus
1233 2668 1269 2698 et
1297 2664 1397 2708 penis
1422 2662 1465 2697 N
1552 2662 1598 2696 24
1624 2673 1703 2706 pro-

182 2720 365 2766 fectusque
395 2722 425 2756 Ο
498 2723 542 2756 25
569 2722 678 2767 enim]
705 2723 813 2757 etiarn
848 2723 880 2757 Τ
961 2723 1006 2757 26
1034 2724 1208 2758 ammittit
1234 2724 1266 2757 L
1364 2722 1407 2756 ab
1435 2722 1501 2755 hac
1526 2721 1645 2755 auimo
1678 2720 1703 2752 l,

182 2780 225 2814 27
253 2791 319 2825 que
349 2779 381 2815 G
410 2791 467 2814 tm.
491 2785 514 2814 hl
541 2781 639 2826 quia)
664 2781 695 2814 Τ
791 2793 830 2815 ex
858 2782 1091 2827 cupiditatem
1112 2782 1145 2816 L
1243 2782 1391 2816 haerent
1414 2781 1446 2815 G
1474 2780 1651 2815 habentur
1679 2780 1708 2814 T

183 2837 227 2871 28
253 2838 350 2883 quia]
377 2838 472 2882 quod
498 2839 539 2873 N
