1952 3118
74 943 110 967 40

74 1297 111 1322 ,15

606 158 959 203 epistularum
1000 156 1193 192 CXLVIII.
1578 158 1661 199 337

136 287 435 342 paraclitum
464 287 604 329 dabit
629 287 788 336 uobis,
824 287 906 339 qui
933 286 1194 328 uobiscum
1223 285 1291 326 sit
1317 286 1362 327 in
1391 287 1660 328 aeternum.

137 358 369 412 spiritum
402 358 656 400 ueritatis.
692 370 834 410 quem
862 357 939 398 hic
968 357 1179 398 mundus
1212 369 1304 398 non
1337 358 1506 410 potest
1538 357 1662 398 acci-

135 442 261 482 pere,
300 429 545 482 quianon
587 428 723 470 uidet
763 441 870 469 eum
909 441 995 470 nec
1035 428 1299 482 cognoscit
1338 440 1458 469 eum.
1500 428 1662 469 ‘merito

135 513 231 554 ergo
254 505 326 545 se',
354 500 504 553 inquit.
531 500 584 541 ‘in
607 512 777 552 corpore
799 499 1120 549 demonstrauit,
1148 499 1343 552 quoniam
1366 499 1405 540 in
1428 499 1663 540 diuinitatis

71 608 75 613 .
135 571 372 613 substantia
390 584 469 612 non
492 571 672 612 uidetur.
693 569 879 611 uidimus
902 570 1097 623 spiritum
1120 569 1192 611 sed
1212 569 1253 610 in
1276 570 1416 624 speeie
1438 570 1662 624 corporali:

134 642 354 683 uideamus
376 646 417 683 et
437 645 611 695 patrem,
640 641 726 691 sed,
753 641 851 694 quia
878 640 1021 682 uidere
1043 653 1123 682 non
1144 653 1387 694 possumus,
1415 641 1664 683 audiamus’.

135 716 177 754 et
214 713 339 766 paulo
379 717 498 765 post:
545 712 792 754 ‘Audiamus
832 717 959 766 ergo',
1005 712 1156 765 inquit,
1201 714 1390 765 ‘patrem‚
1435 712 1663 754 inuisibilis

135 784 244 825 enim
288 786 423 836 pater:
471 783 544 824 sed
590 786 632 825 et
675 784 787 825 filius
832 783 1061 824 inuisibilis
1108 783 1338 824 secundum
1383 783 1663 832 diuinitatem,

136 855 276 896 deum
310 854 418 896 enim
454 867 592 896 nemo
627 854 758 896 uidit
790 867 1045 907 umquam3
1080 867 1176 895 cum
1205 867 1302 908 ergo
1329 853 1443 896 filius
1471 854 1589 905 deus,
1622 855 1662 896 in

137 939 184 968 eo
218 926 378 979 utique.
414 926 524 979 quod
558 925 662 967 deus
696 929 774 975 est,
809 925 921 966 filius
957 938 1036 967 non
1063 925 1262 966 uidetur’.

195 997 374 1040 Sanctus
409 1003 550 1038 autem
576 997 859 1051 Hieronymus
887 997 966 1038 ait:
1000 996 1164 1038 ‘Videre
1192 996 1331 1045 deum,
1365 996 1489 1038 sicuti
1518 999 1596 1047 est,
1623 997 1663 1038 in

137 1071 284 1109 natura
316 1081 391 1110 sua
424 1069 573 1109 oculus
607 1068 789 1109 hominis
822 1080 901 1109 non
934 1069 1089 1121 potest.
1130 1080 1209 1108 non
1251 1067 1387 1109 solum
1426 1068 1549 1109 homo
1590 1081 1664 1110 nec

137 1139 273 1193 angeli
307 1152 382 1181 nec
415 1139 568 1181 Throni
601 1152 676 1181 nec
708 1139 950 1181 Potestates
984 1152 1058 1181 nec
1087 1139 1404 1181 Dominationes
1437 1152 1513 1181 nec
1546 1153 1665 1182 omne

135 1223 296 1259 nomen,
330 1210 442 1264 quod
474 1211 730 1260 nominatum
774 1224 907 1264 neque
942 1210 1048 1252 enim
1084 1213 1274 1252 creatura
1305 1213 1448 1264 potest
1479 1211 1665 1264 aspicere

137 1284 364 1323 creatorem
406 1286 557 1323 suum‘.
603 1282 666 1323 his
709 1282 850 1324 uerbis
890 1282 955 1323 uir
999 1281 1272 1323 doctissimus
1317 1283 1421 1323 satis
1467 1282 1665 1327 ostendit.

136 1351 235 1405 quid
281 1352 406 1393 etiam
452 1352 501 1393 de
546 1353 688 1394 futuro
735 1353 902 1395 saeculo
949 1353 1141 1403 senserit,
1187 1352 1298 1406 quod
1336 1353 1388 1394 ad
1429 1353 1533 1394 hanc
1578 1366 1663 1394 rem

135 1422 310 1463 adtinet.
344 1426 546 1475 quantum
579 1423 682 1464 libet
714 1423 823 1464 enim
857 1423 968 1465 oculi
1001 1423 1184 1476 corporis
1218 1424 1349 1464 nostri
1382 1426 1600 1466 mutentur
1624 1425 1663 1465 in

135 1494 301 1536 melius.
342 1494 586 1547 angelorum
621 1494 754 1535 oculis
795 1494 1097 1547 aequabuntur.
1139 1494 1207 1535 hic
1241 1497 1381 1535 autem
1415 1497 1456 1535 et
1488 1495 1591 1548 ipsis
1626 1499 1666 1536 et

136 1565 356 1606 uniuersae
389 1565 557 1606 omnino
592 1565 763 1606 caelesti
797 1568 1010 1607 creaturae
1049 1565 1307 1606 inuisibilem
1340 1568 1532 1607 naturam
1565 1566 1668 1608 dixit

136 1648 227 1676 esse
271 1636 486 1677 creatoris.
533 1638 606 1676 aut
650 1636 685 1677 si
731 1639 772 1677 et
818 1636 912 1678 hinc
958 1636 1004 1678 fit
1050 1637 1240 1690 quaestio
1281 1640 1322 1679 et
1360 1637 1538 1678 infertur
1579 1637 1667 1678 ulla

136 1706 356 1757 dubitatio,
410 1711 550 1747 utrum
597 1719 674 1748 non
723 1708 856 1749 simus
902 1707 1033 1749 futuri
1077 1708 1238 1762 angelis
1283 1708 1483 1761 potiores,
1531 1708 1666 1761 ipsius

253 1918 273 1949 ὅ
301 1915 375 1950 Col.
406 1916 435 1958 1,
463 1916 522 1957 15;
550 1915 566 1949 I
593 1916 682 1952 Tim.
714 1917 744 1952 1.
773 1916 814 1950 17
883 1917 904 1950 9
932 1916 1008 1951 Iob.
1038 1916 1069 1960 l,
1099 1917 1158 1957 18;
1186 1916 1300 1951 IIoh.
1321 1916 1354 1958 4,
1385 1916 1426 1950 12
1498 1916 1538 1950 11
1567 1916 1586 1951 ἶ)
1618 1917 1666 1951 cf.

75 2024 78 2029 ν
136 1974 281 2009 Hieron.
305 1979 492 2010 comment.
515 1976 549 2009 in
571 1975 630 2010 Es.
653 1987 680 2010 c.
703 1976 752 2010 VI
775 1986 807 2009 u.
831 1976 846 2010 1
868 1976 1004 2021 (Migne
1024 1976 1154 2021 patrol.
1182 1976 1244 2010 lat.
1265 1975 1382 2010 XXIV
1402 1987 1435 2021 p.
1457 1976 1513 2016 93,
1537 1975 1666 2018 1—162»

184 2105 199 2138 1
228 2104 446 2150 paracletum
474 2104 512 2139 F
534 2105 612 2139 edd.
635 2109 784 2149 praeter
810 2116 834 2139 a
858 2116 924 2140 sec.
960 2104 1060 2149 Vuly.
1089 2104 1261 2138 Ambrosi
1293 2104 1370 2140 cod.
1396 2104 1668 2138 Ambrosianus

135 2163 175 2197 H
203 2165 252 2197 78
276 2175 355 2208 sup.
383 2164 454 2197 alia*
479 2164 672 2198 deteriores
745 2163 848 2198 dabit
875 2164 902 2206 (i
926 2175 1000 2198 ras
1029 2175 1072 2198 ωε
1098 2175 1117 2196 o
1145 2167 1185 2198 uc
1211 2163 1309 2206 uid.‚·
1333 2166 1349 2198 t
1375 2175 1418 2197 m.
1447 2166 1472 2197 2
1497 2174 1523 2197 s.
1548 2166 1596 2206 ιι.)
1617 2162 1665 2196 Ρ1

138 2224 140 2226 ’
182 2223 257 2267 qui]
285 2230 325 2257 ut
350 2223 516 2257 Ambros.
551 2223 652 2268 Vulq.
680 2222 761 2266 (Gr.
788 2220 856 2265 ἵνα)
973 2222 994 2256 2
1023 2228 1080 2267 qm
1116 2222 1147 2256 V
1237 2223 1257 2258 3
1284 2222 1379 2257 uidit
1404 2221 1508 2257 codd.
1609 2233 1667 2256 co-

135 2282 263 2325 gnouit
298 2281 332 2315 V
472 2282 494 2316 4
527 2282 563 2316 in
591 2286 676 2326 post
709 2282 876 2327 quoniam
911 2293 978 2316 om.
1011 2282 1185 2317 Ambrosi
1216 2282 1294 2316 cod.
1327 2282 1599 2316 Ambrosianus
1635 2285 1666 2315 et

135 2341 437 2385 Petropolicanus
523 2342 541 2375 7
571 2344 606 2375 et
632 2341 738 2386 paulo
766 2343 847 2386 post
874 2341 914 2375 in
933 2341 1012 2386 fine
1038 2353 1072 2375 u.
1100 2352 1168 2376 om.
1195 2340 1231 2376 R
1329 2342 1349 2375 9
1377 2342 1469 2376 enim
1498 2352 1566 2375 om.
1594 2339 1669 2374 Pr

136 2400 176 2443 (ε,
203 2411 238 2434 u.
266 2412 310 2434 m.
336 2403 354 2434 1
380 2400 483 2438 add.)
631 2400 725 2434 uidit
751 2412 818 2435 om.
846 2402 880 2435 A
1015 2406 1076 2435 cur
1103 2405 1134 2443 (r
1159 2403 1253 2445 exp.)
1287 2400 1320 2434 V
1462 2404 1548 2433 ame
1581 2399 1667 2433 deus

136 2469 162 2493 8.
187 2471 223 2493 u.
249 2470 294 2495 m.
322 2462 346 2492 2
373 2459 459 2493 add.
488 2460 536 2493 sit
562 2459 610 2494 Ι)ι
637 2460 686 2494 sit
712 2460 798 2494 deus
825 2460 900 2493 PV
922 2460 1014 2494 lrm
1078 2461 1118 2494 11
1149 2459 1270 2494 uidere
1298 2462 1417 2493 autem
1446 2459 1548 2493 deun!
1578 2457 1671 2492 1’1V

182 2518 275 2552 sieut
299 2518 370 2552 ΓΑ
397 2519 446 2552 sic
472 2518 602 2552 P¹TV
686 2519 728 2552 12
755 2519 931 2553 humanus
964 2518 996 2553 Τ
1097 2519 1204 2553 homo
1232 2518 1294 2553 sed
1322 2529 1387 2553 nec
1414 2518 1449 2551 P
1535 2518 1576 2551 13
1604 2528 1668 2551 nec

136 2577 398 2612 dominationes
424 2589 489 2613 nec
514 2582 713 2623 potestates
740 2578 776 2612 P
870 2580 988 2623 omne]
1017 2579 1161 2613 omnino
1188 2578 1280 2612 PW
1352 2578 1393 2611 16
1421 2577 1573 2611 senserit
1599 2587 1666 2610 om.

135 2635 244 2671 FAR
269 2648 323 2672 ae
461 2636 505 2671 ad
532 2648 598 2673 om.
627 2637 665 2672 F
761 2639 800 2672 lT
830 2642 915 2672 ante
941 2638 1098 2683 corporis
1122 2649 1249 2682 parua
1277 2647 1349 2672 ras,
1380 2636 1414 2670 F
1512 2636 1554 2670 18
1583 2638 1668 2669 ante

136 2695 343 2739 angelorum
367 2707 395 2730 s.
422 2708 457 2730 u.
484 2708 528 2731 m.
556 2699 582 2731 2
607 2697 642 2730 h’
669 2697 703 2731 A
802 2697 881 2735 hoc.
909 2708 998 2732 corr.
1026 2697 1084 2732 hic
1111 2697 1146 2731 P
1244 2697 1286 2731 19
1315 2697 1431 2730 omino
1460 2695 1493 2728 Γ
1586 2705 1667 2729 cae-

135 2753 218 2787 lesti
244 2765 312 2790 om.
338 2754 424 2788 121V
498 2755 542 2790 ρο
570 2756 624 2800 fit]
654 2757 701 2790 sit
726 2755 878 2790 FATV
971 2756 1034 2790 iua
1068 2756 1099 2790 V

170 2836 336 2862 xxxxun
353 2838 431 2868 Aug.
453 2842 524 2863 sect.
541 2838 568 2863 11
583 2845 652 2870 pars
667 2836 682 2863 3
1575 2823 1620 2858 2'2
