1952 3118
645 137 996 182 epistularum
1035 135 1189 172 CLXIX.
1595 138 1676 178 621

151 277 273 321 quam
330 268 552 322 religiosae
608 266 834 309 memoriae
885 266 1132 308 Marcellino
1183 279 1303 307 suam
1355 279 1447 307 esse
1499 266 1684 320 scripsit.

151 340 339 394 singulas
379 339 537 380 animas
576 350 706 379 nouas
745 337 1016 379 nascentibus
1054 337 1157 388 fieri,
1202 340 1250 378 ut
1289 350 1367 379 non
1408 337 1686 379 labefactetur

150 410 447 452 fundatissima
486 409 690 451 ecclesiae
730 408 847 457 fides,
893 421 974 462 qua
1012 409 1262 450 inconcusse
1301 408 1525 458 credimus,
1573 408 1685 462 quod

151 482 197 523 in
224 482 375 523 Adam
403 493 570 523 omnes
598 480 880 522 moriuntur
907 482 960 527 et,
989 480 1070 521 nisi
1098 479 1255 521 Christi
1284 480 1418 533 gratia
1443 480 1684 531 liberentur,

112 569 127 593 ⁵
151 552 262 605 quod
299 565 372 606 per
410 564 534 593 suum
575 554 882 592 sacramentum
923 550 1049 591 etiam
1089 549 1128 590 in
1169 550 1357 603 paruulis
1392 552 1600 604 operatur,
1641 551 1682 591 in

151 622 541 665 condemnationem
581 622 815 663 trahuntur.
854 621 1005 675 scripsi
1045 625 1086 662 et
1119 621 1248 662 aliurn
1283 621 1332 662 ad
1367 621 1560 671 eundem,
1600 635 1681 675 quo

150 694 273 735 modo
316 694 380 735 illi
421 693 616 735 uideatur
654 692 947 746 accipiendum
987 705 1094 742 esse,
1141 692 1253 745 quod
1293 692 1498 745 scriptum
1538 695 1604 734 est
1641 694 1680 734 in

150 765 333 819 epistula
368 764 528 806 Iacobi:
577 762 888 817 Quicumque
923 766 1085 804 autem
1125 765 1280 805 totam
1320 763 1481 818 legem
1520 777 1680 805 serua-

150 836 295 885 uerit,
331 835 557 877 offendat
582 836 745 876 autem
773 835 819 875 in
847 847 957 878 uno.
991 834 1157 875 factus
1192 835 1268 875 est
1301 833 1517 875 omnium
1550 847 1681 875 reus.

92 926 123 950 10
154 907 226 948 sed
265 908 306 948 in
345 907 424 948 hoc
465 906 546 947 dixi
580 906 721 955 etiam,
761 905 863 959 quid
895 905 999 946 mihi
1031 905 1238 954 uideatur,
1278 904 1318 945 in
1352 904 1425 946 illo
1459 908 1599 947 autem
1634 906 1683 947 de

150 978 311 1019 animae
340 978 499 1032 origine
526 979 704 1027 tantum,
740 976 839 1029 quid
867 976 903 1017 ei
931 976 1139 1025 uideatur,
1174 976 1477 1017 consultatoria
1502 977 1680 1030 quadam

150 1049 435 1103 disputatione
464 1048 670 1102 quaesiui.
706 1048 969 1089 occasionem
997 1047 1149 1101 quippe
1177 1047 1397 1088 cuiusdam
1425 1048 1683 1090 sanctissimi

151 1123 191 1162 et
236 1120 541 1162 studiosissimi
585 1119 766 1168 iuuenis,
811 1119 1046 1173 presbyteri
1093 1119 1243 1167 Orosii,
1299 1119 1370 1172 qui
1415 1119 1465 1160 ad
1510 1132 1586 1161 nos
1631 1120 1682 1160 ab

150 1191 301 1232 ultima
350 1190 569 1243 Hispania,
622 1190 663 1231 id
715 1193 781 1232 est
830 1189 879 1231 ab
934 1189 1087 1231 Oceani
1138 1190 1261 1232 litore
1307 1190 1396 1232 solo
1442 1194 1679 1232 sanctarum

93 1280 124 1304 ιε.
151 1261 453 1316 scripturarum
499 1261 644 1303 ardore
682 1261 923 1302 flammatus
964 1261 1148 1310 aduenit,
1195 1261 1388 1302 amittere
1427 1262 1556 1303 nolui.
1600 1262 1681 1304 cui.

152 1336 196 1373 ut
223 1333 273 1374 ad
301 1332 422 1374 illum
451 1346 617 1387 quoque
649 1335 855 1387 pergeret,
889 1332 1093 1385 persuasi.
1127 1332 1226 1374 huic
1258 1333 1385 1374 etiam
1418 1333 1500 1387 ipsi
1533 1332 1681 1375 Orosio

151 1403 201 1445 ad
253 1404 456 1457 quaedam
507 1404 776 1459 interrogata,
834 1417 938 1457 quae
988 1403 1109 1444 illum
1162 1403 1212 1445 de
1262 1403 1677 1446 Priscillianistarum

151 1475 312 1517 haeresi
339 1478 381 1516 et
406 1476 455 1516 de
484 1474 678 1530 Origenis
705 1475 957 1528 quibusdam
985 1474 1268 1528 opinionibus.
1297 1488 1400 1528 quas
1427 1487 1505 1516 non
1532 1475 1683 1529 recipit

152 1546 341 1596 ecclesia,
393 1546 708 1600 permouebant,
759 1559 840 1588 uno
893 1546 1000 1587 libro
1046 1559 1126 1588 non
1173 1546 1316 1600 grandi
1363 1549 1519 1600 quanta
1562 1547 1681 1600 potui

91 1637 124 1662 20
150 1617 357 1658 breuitate
403 1620 444 1658 et
487 1617 790 1671 perspicuitate
840 1617 1052 1670 respondi.
1105 1617 1255 1671 scripsi
1307 1617 1432 1658 etiam
1484 1618 1681 1672 grandem

151 1688 357 1741 quendam
401 1688 555 1729 librum
604 1688 806 1730 aduersus
847 1688 1008 1743 Pelagii
1046 1689 1255 1730 haeresim
1294 1689 1543 1743 cogentibus
1583 1702 1679 1731 non-

150 1759 276 1801 nullis
333 1759 546 1809 fratribus,
606 1760 759 1813 quibus
812 1762 954 1801 contra
1005 1760 1184 1814 gratiam
1237 1759 1394 1802 Christi
1445 1760 1681 1814 opinionem

150 1830 426 1884 perniciosam
466 1831 537 1872 ille
577 1833 854 1884 persuaserat.
895 1831 998 1872 haec
1037 1831 1175 1872 omnia
1214 1831 1249 1872 si
1289 1830 1440 1872 habere
1479 1830 1681 1873 uolueris.

151 1901 332 1954 aliquem
374 1901 510 1950 mitte,
551 1900 623 1953 qui
656 1901 733 1942 tibi
767 1903 920 1942 cuncta
953 1900 1172 1942 describat.
1212 1914 1278 1942 me
1312 1904 1453 1942 autem
1485 1902 1682 1955 permitte

91 1991 124 2016 25
151 1972 215 2013 his
254 1985 404 2014 uacare
444 1972 691 2025 quaerendis
731 1975 856 2025 atque
897 1971 1119 2022 dictandis,
1160 1985 1266 2025 quae
1307 1973 1502 2026 quoniam
1534 1973 1682 2014 multis

269 2124 290 2156 4
318 2122 332 2156 Ι
362 2122 441 2157 Cor.
472 2123 525 2162 15,
551 2123 597 2156 22
671 2123 692 2157 8
718 2122 789 2158 Iac.
817 2123 849 2165 2,
879 2123 922 2157 10

202 2208 215 2240 1
246 2206 473 2240 marcellinus
508 2205 579 2239 VU
649 2206 670 2239 3
697 2205 785 2239 fides
813 2205 962 2239 ecclesie
994 2205 1027 2239 T
1095 2206 1118 2239 4
1146 2208 1182 2239 et
1207 2216 1274 2240 om.
1306 2206 1340 2240 T
1442 2218 1503 2251 per
1529 2207 1681 2251 gratiam

153 2266 276 2300 christi
310 2264 498 2300 THRVU
522 2276 586 2310 per
612 2264 747 2300 Christi
775 2265 928 2309 gratiam
956 2276 989 2298 m
1112 2266 1132 2299 6
1160 2268 1196 2299 et
1221 2276 1288 2300 om.
1315 2266 1351 2299 P
1374 2265 1454 2300 edd.
1480 2270 1626 2310 praeter
1651 2278 1683 2299 m

154 2326 172 2358 7
200 2324 253 2358 illi
280 2336 361 2363 om..
388 2336 432 2359 m.
460 2328 479 2358 1
505 2324 592 2358 add.
620 2323 663 2358 H
759 2335 835 2358 esse
862 2334 929 2358 om.
964 2324 1152 2359 THRVU
1174 2336 1208 2358 m
1303 2326 1341 2359 11
1373 2325 1683 2367 consultatorium,

153 2394 242 2419 corr.
271 2383 532 2418 consultatoria
566 2383 596 2416 V
620 2383 864 2417 consulatoria
889 2383 926 2417 R
1081 2384 1122 2418 14
1149 2383 1315 2429 hispania
1340 2384 1469 2418 ultima
1498 2384 1687 2419 THRVU

200 2443 455 2487 scripturarum
482 2444 683 2476 sanctarum
720 2441 790 2475 VU
916 2442 958 2475 15
985 2441 1226 2477 inflammatus
1258 2443 1528 2487 TVUflrm:
1556 2443 1602 2487 cs.
1630 2455 1683 2487 ep.

155 2502 322 2536 XXXII
340 2513 377 2546 p.
406 2504 463 2542 12,
491 2503 537 2535 18
613 2502 654 2535 17
682 2502 717 2535 in
745 2505 781 2535 te
808 2504 936 2545 rogata
968 2501 1002 2534 V
1095 2502 1196 2536 illum
1222 2513 1289 2536 om.
1323 2502 1510 2537 THRVU
1578 2502 1619 2536 18
1647 2508 1684 2537 et

156 2561 311 2604 origenis
346 2560 417 2594 VU
440 2560 519 2594 edd.
540 2564 690 2604 praeter
717 2571 740 2593 a
857 2560 994 2605 recepit
1012 2560 1140 2603 flrm
1261 2561 1306 2595 20
1333 2561 1512 2595 breuitate
1538 2571 1618 2604 om„
1643 2562 1684 2595 in

156 2630 266 2662 ηιανρ,
300 2630 344 2654 m.
379 2621 404 2653 2
437 2619 523 2653 add.
564 2619 595 2652 V
739 2619 861 2663 etiam]
897 2622 933 2653 et
970 2618 1001 2652 U
1146 2620 1273 2654 librum
1308 2620 1479 2665 grandem
1508 2619 1683 2665 quendam

162 2676 350 2712 THRVU
411 2678 456 2711 23
484 2678 545 2712 ille
573 2678 805 2723 pernitiosam
831 2678 946 2723 siquis
971 2689 1061 2712 corr.
1096 2678 1129 2712 V
1151 2679 1489 2724 perniciosissimam
1517 2679 1578 2713 ille
1605 2679 1683 2713 edd.

156 2738 200 2771 24
228 2742 357 2771 cuncta
382 2736 451 2771 tibi
482 2736 557 2772 TH
