1952 3118
90 998 120 1023 10

88 1352 120 1378 15

663 218 1016 263 epistularum
1055 217 1194 253 CLXII.
1591 220 1674 261 517

150 360 245 389 nam
282 347 390 389 istae
430 359 581 389 causae
619 348 718 388 sunt
756 346 1059 398 admirationis,
1101 359 1196 388 cum
1229 346 1300 389 uel
1332 346 1437 389 ratio
1471 347 1679 402 cuiusque

149 418 207 460 rei
244 418 351 460 latet
387 419 457 459 uel
489 417 633 459 eadem
665 429 731 459 res
763 417 921 459 usitata
953 430 1034 459 non
1072 419 1151 468 est,
1190 417 1302 471 quod
1340 420 1415 459 aut
1451 417 1679 473 singularis

150 490 224 530 aut
259 501 351 530 rara
384 491 459 530 est.
500 501 547 530 ex
578 488 652 530 illa
691 500 787 542 ergo
829 500 957 529 causa
993 488 1165 531 latentis
1204 489 1376 531 rationis
1411 501 1487 544 ego
1521 489 1603 531 dixi
1635 489 1677 531 in

150 559 345 614 epistula,
381 573 505 613 quam
538 561 580 601 te
604 559 761 614 legisse
795 572 1113 609 commemoras,
1147 572 1243 601 cum
1277 560 1336 601 eis
1367 560 1678 614 responderem,

149 630 221 684 qui
254 633 408 685 negant
446 643 538 673 esse
578 629 847 680 credendum,
889 629 999 683 quod
1040 629 1257 672 Christum
1294 630 1415 686 uirgo
1455 630 1677 685 pepererit,

148 702 269 756 uirgo
295 701 591 756 permanserit:
626 700 684 742 ‘Si
716 700 822 742 ratio
857 701 1085 754 quaeritur,
1117 713 1198 742 non
1232 701 1310 742 erit
1341 701 1564 748 mirabile’;
1598 701 1678 742 hoc

149 772 258 814 enim
292 772 452 814 dictum
487 774 564 823 est,
603 785 683 814 non
717 771 828 824 quod
860 771 1020 814 ratione
1058 784 1123 813 res
1162 773 1313 823 careat,
1354 771 1428 813 sed
1462 771 1573 826 quod
1606 784 1677 813 eos

146 844 290 893 lateat,
330 843 485 896 quibus
524 843 602 885 hoc
642 842 744 884 deus
789 842 929 884 uoluit
973 855 1065 884 esse
1108 842 1312 884 mirabile.
1359 855 1405 884 ex
1450 843 1533 884 alia
1577 855 1677 884 uero

148 914 435 956 admirationis
481 927 621 964 causa,
673 926 778 967 quae
827 913 920 955 ideo
973 916 1050 962 est,
1103 913 1202 967 quia
1251 913 1470 955 insolitum
1517 913 1678 967 aliquid

148 985 342 1035 occurrit,
376 985 579 1040 scriptum
608 987 673 1027 est
699 985 748 1026 de
776 984 957 1035 domino,
992 983 1103 1038 quod
1128 984 1306 1026 miratus
1333 984 1390 1026 sit
1422 983 1677 1026 centurionis

147 1055 292 1106 fidem3
320 1069 452 1109 neque
474 1056 586 1097 enim
607 1069 702 1097 eum
723 1055 782 1096 rei
803 1055 934 1097 ullius
955 1055 1061 1097 ratio
1081 1055 1269 1108 potuerit
1287 1056 1431 1103 latere,
1455 1055 1528 1096 sed
1548 1054 1678 1096 admi-

147 1127 252 1169 ratio
284 1139 356 1181 pro
390 1126 514 1169 laude
546 1127 687 1180 posita
719 1129 785 1168 est
816 1126 923 1175 eius,
963 1126 1084 1168 cuius
1116 1139 1190 1180 par
1220 1126 1261 1167 in
1293 1127 1451 1181 populo
1484 1126 1676 1167 Hebraeo

148 1211 226 1240 non
260 1200 519 1253 apparuerat.
559 1198 668 1239 unde
700 1198 792 1252 ipsa
831 1197 1052 1239 admiratio
1092 1197 1195 1239 satis
1235 1197 1423 1251 exposita
1461 1199 1540 1246 est,
1580 1209 1676 1238 cum

147 1269 206 1310 ait
232 1269 444 1311 dominus:
479 1270 630 1310 Amen
658 1268 766 1310 dico
801 1268 961 1318 uobis,
994 1281 1086 1310 non
1113 1268 1284 1310 inueni
1310 1270 1498 1310 tantam
1525 1267 1678 1310 fidem

147 1340 192 1381 in
225 1340 432 1383 Israhel.

207 1409 326 1462 Quod
362 1413 502 1453 autem
537 1411 669 1452 adieci
696 1411 736 1453 in
765 1411 910 1453 eadem
945 1411 1149 1465 epistula:
1182 1410 1241 1452 ‘Si
1274 1410 1509 1464 exemplum
1542 1410 1678 1464 posci-

145 1484 226 1532 tur,
267 1495 347 1524 non
388 1482 467 1524 erit
505 1482 746 1536 singulare’,
785 1482 942 1524 frustra
978 1482 1058 1523 tibi
1095 1482 1216 1524 uisus
1249 1495 1293 1524 es
1331 1482 1452 1523 uelut
1490 1482 1678 1536 exempla

145 1554 358 1595 inuenisse
386 1553 435 1595 de
462 1554 709 1604 uermiculo,
744 1553 815 1607 qui
840 1553 881 1594 in
909 1566 1033 1607 pomo
1066 1554 1266 1603 nascitur,
1300 1555 1342 1594 et
1373 1565 1536 1603 aranea,
1569 1564 1675 1606 quae

146 1625 263 1666 filum
290 1625 492 1667 textrinae
520 1637 621 1667 suae
648 1638 819 1679 corpore
846 1626 967 1667 uelut
992 1625 1153 1679 integro
1185 1625 1307 1678 parit.
1341 1624 1539 1666 dicuntur
1564 1623 1674 1665 enim

146 1696 288 1749 aliqua
319 1698 467 1751 argute
500 1695 719 1737 cuiusdam
755 1695 1046 1737 similitudinis
1079 1696 1215 1750 gratia
1246 1695 1327 1736 alia
1357 1695 1562 1737 remotius
1594 1694 1676 1736 alia

146 1767 461 1822 congruentius,
501 1767 575 1809 sed
614 1767 732 1809 solus
771 1766 965 1809 Christus
1005 1770 1129 1809 natus
1169 1768 1235 1808 est
1267 1780 1313 1808 ex
1343 1766 1527 1821 uirgine;
1566 1765 1675 1807 unde

144 1838 227 1879 iarn
264 1838 492 1894 intellegis,
532 1840 736 1893 quantum
775 1838 967 1886 aestimo,
1013 1851 1087 1880 cur
1123 1837 1203 1879 hoc
1241 1850 1334 1880 esse
1373 1837 1545 1879 dixerim
1585 1837 1674 1879 sine

147 1910 346 1962 exemplo.
397 1909 554 1951 habent
603 1910 746 1963 itaque
798 1909 937 1951 omnia
987 1921 1135 1951 causas
1181 1922 1278 1951 suas
1324 1911 1449 1962 atque
1493 1908 1674 1950 rationes

263 2084 284 2117 6
311 2099 355 2112 =
381 2095 413 2128 p.
446 2084 523 2126 107,
553 2084 596 2118 10
660 2083 702 2118 10
728 2083 858 2118 Matth.
886 2084 919 2125 Β,
947 2083 1006 2124 10;
1035 2083 1120 2118 Luc.
1148 2084 1180 2123 7,
1208 2083 1229 2117 9
1296 2083 1433 2118 16—-17
1461 2099 1505 2111 z
1532 2094 1565 2127 p.
1596 2082 1674 2125 107,

147 2142 281 2177 10—11

195 2225 209 2258 1
240 2236 450 2259 nam-rara
477 2228 531 2259 est
556 2236 623 2259 om.
650 2224 686 2258 P
781 2224 801 2258 2
829 2224 965 2258 usitata
990 2224 1058 2266 (usi
1084 2224 1124 2258 in
1149 2235 1224 2259 ras.
1253 2235 1295 2258 m.
1324 2226 1362 2267 2)
1395 2224 1428 2258 V
1522 2224 1542 2258 3
1570 2224 1671 2268 ergo]

145 2284 236 2318 enim
270 2283 305 2318 V
396 2287 417 2318 4
445 2284 710 2329 responderam,
737 2295 781 2318 m.
810 2287 835 2318 2
860 2283 1111 2329 responderem
1138 2284 1184 2318 Ρι
1296 2286 1316 2318 5
1344 2284 1483 2330 peperit
1509 2282 1675 2317 PP¹P²S

143 2345 199 2386 (m.
229 2345 253 2376 2
278 2344 473 2388 pepererit)
505 2343 592 2377 ΗΡ3
676 2344 697 2377 6
723 2343 995 2388 permansesslrit
1021 2343 1132 2388 (post.
1161 2355 1178 2377 e
1205 2354 1248 2378 ex
1274 2353 1362 2378 corr.
1391 2354 1433 2377 m.
1462 2345 1487 2377 2
1513 2346 1545 2378 et
1571 2341 1671 2376 dein-

143 2413 222 2446 ceps
245 2414 371 2446 parua
396 2406 486 2445 ras.)
514 2401 561 2436 P¹
588 2403 783 2447 permansit
808 2402 843 2436 P
932 2403 952 2436 9
979 2402 1274 2442 ammirationem,
1301 2414 1345 2436 m.
1374 2404 1399 2437 2
1424 2402 1673 2436 admirationis

144 2460 188 2494 1²¹
270 2462 477 2504 insolutum,
504 2473 547 2495 m.
575 2464 593 2495 1
620 2472 710 2498 corr.
737 2461 921 2495 insolitum
951 2462 993 2495 H
1046 2462 1086 2496 11
1116 2463 1285 2508 potuerit.
1313 2474 1357 2496 m.
1386 2464 1410 2496 2
1435 2463 1604 2506 potuerat
1624 2459 1672 2494 P¹

143 2523 321 2565 putuerat,
347 2532 392 2557 m.
421 2523 446 2555 2
470 2523 639 2566 potuerat
672 2521 703 2554 V
727 2521 845 2566 potuit
872 2521 950 2555 edd.
1034 2522 1076 2556 12
1103 2522 1202 2556 cuius
1230 2523 1306 2567 par]
1333 2523 1389 2556 cui
1415 2520 1465 2555 Ρ2
1541 2522 1582 2555 13
1610 2533 1671 2565 ap-

142 2580 301 2623 paruerit
326 2579 374 2614 P¹
400 2582 457 2624 (m.
486 2583 511 2614 „⁴2
537 2584 766 2624 apparuerat)
801 2580 833 2613 V
857 2584 914 2622 (m.
943 2584 962 2614 1
990 2592 1080 2616 corr.
1109 2583 1337 2626 apparuerat)
1438 2581 1479 2614 14
1506 2579 1670 2614 dominus

144 2638 196 2672 ait
220 2638 298 2673 edd.
396 2641 593 2673 tammum]
628 2639 660 2672 V
682 2642 832 2675 tantum.
861 2651 950 2674 corr.
977 2642 1117 2674 tantam
1143 2640 1174 2675 S
1294 2641 1335 2675 1ss
1362 2639 1495 2674 adiecit
1520 2642 1548 2681 (t
1574 2650 1618 2673 m.
1647 2641 1672 2672 2

143 2708 232 2732 corr.
260 2702 324 2732 aut
349 2697 553 2740 inductum)
581 2697 631 2732 122
680 2744 683 2745 ⁷
705 2698 747 2732 18
774 2709 867 2743 pono
901 2698 932 2732 V
957 2710 1061 2743 poma
1086 2698 1136 2733 1³2
1209 2700 1253 2733 19
1279 2700 1452 2733 testrinae
1471 2696 1521 2732 Ρ2
1616 2698 1669 2732 in—

143 2759 244 2801 tegro
273 2757 373 2790 uelut
397 2756 493 2790 P2H
572 2758 614 2791 ‘21
646 2760 701 2791 est
726 2761 832 2791 natus
858 2757 952 2791 P2H
974 2761 1080 2792 natus
1106 2761 1186 2802 (om.
1215 2761 1282 2799 est)
1310 2758 1345 2792 P
1434 2759 1479 2792 22
1506 2757 1669 2792 existimo

143 2815 221 2850 edd.
241 2820 392 2860 praeter
418 2827 442 2850 a
538 2816 605 2850 hoc
631 2827 698 2851 om.
726 2815 776 2850 1³²
849 2817 894 2850 23
921 2827 1002 2850 suas
1029 2827 1095 2851 om.
1123 2816 1173 2851 122
