1952 3118
525 201 877 246 epistularum
916 201 1264 239 CLXII.-CLXIV.
1570 208 1653 248 521

126 331 348 373 dicuntur?
382 334 572 385 quartam
606 331 836 387 interrogo:
873 333 942 385 qui
978 335 1077 374 sunt
1107 333 1171 375 illi
1198 333 1390 388 spiritus,
1425 333 1475 376 de
1502 335 1658 388 quibus

124 403 164 445 in
198 403 383 457 epistula
421 416 496 445 sua
529 403 648 457 ponit
684 403 836 445 Petrus
874 404 1167 446 testimonium
1201 405 1250 446 de
1284 405 1453 448 domino
1493 405 1656 449 dicens:

124 474 473 517 Mortificatus
508 486 666 525 carne,
699 473 1007 518 uiuificatus
1042 476 1241 529 spiritu,
1282 476 1327 517 in
1362 489 1454 530 quo
1489 480 1536 518 et
1569 477 1655 528 eis,

125 545 285 599 quiin
320 557 516 587 carcere
556 547 710 594 erant,
751 546 1071 599 praedicauit
1109 547 1380 601 spiritibus
1422 550 1463 589 et
1504 551 1654 598 cetera,

124 617 203 659 hoc
235 616 437 666 inserens,
479 616 590 670 quod
623 616 663 657 in
697 616 857 659 inferno
891 617 1062 658 fuerunt
1096 620 1137 659 et
1169 617 1428 660 descendens
1461 618 1656 660 Christus

125 687 319 729 omnibus
372 687 681 741 euangelizauit
731 700 961 741 omnesque
1001 701 1024 729 a
1060 688 1245 730 tenebris
1297 691 1338 730 et
1387 689 1533 742 poenis
1584 702 1659 742 per

124 758 301 813 gratiam
333 757 544 807 liberauit,
578 760 626 799 ut
652 771 675 799 a
700 760 888 812 tempore
915 759 1235 801 resurrectionis
1263 759 1420 801 domini
1451 759 1655 801 iudicium

124 830 365 882 expectetur
409 829 627 870 exinanitis
666 829 838 871 inferis?
885 830 985 883 quid
1025 842 1123 884 ergo
1162 830 1203 871 in
1243 830 1321 872 hac
1358 843 1401 872 re
1441 831 1657 872 sanctitati

122 903 220 942 tuae
254 899 462 950 uideatur,
497 900 619 953 cupio
652 912 790 942 nosse.

796 1029 975 1072 CLXIV.

218 1122 410 1157 DOMINO
437 1121 726 1157 BEATISSIMO
754 1121 929 1156 FRATRI
956 1122 1013 1156 ΕΤ
1041 1121 1342 1158 COEPISCOPO
1370 1122 1554 1158 EVODIO

455 1181 761 1217 AUGUSTINUS
788 1181 840 1216 IN
866 1181 1061 1217 DOMINO
1092 1182 1327 1218 SALUTEM.

185 1267 400 1320 Quaestio,
434 1279 557 1320 quam
592 1266 696 1308 mihi
728 1266 989 1320 proposuisti
1023 1280 1069 1307 ex
1102 1267 1285 1320 epistula
1318 1267 1499 1321 apostoli
1525 1266 1654 1318 Petri,

125 1339 235 1381 solet
265 1351 353 1388 nos,
392 1340 441 1379 ut
472 1340 513 1379 te
545 1337 676 1379 latere
708 1350 788 1379 non
829 1337 1019 1388 arbitror,
1060 1337 1435 1380 uehementissime
1473 1350 1656 1399 coammo-

121 1423 232 1459 uere,
267 1423 347 1463 quo
381 1408 505 1451 modo
537 1408 611 1450 illa
643 1408 773 1450 uerba
805 1408 1049 1462 accipienda
1082 1408 1166 1450 sint
1190 1412 1406 1462 tamquam
1434 1409 1484 1451 de
1510 1409 1656 1451 inferis

239 1549 260 1583 3
286 1548 303 1583 I
329 1548 425 1585 Petr.
452 1549 484 1589 3,
514 1548 652 1582 18—19

170 1633 295 1676 lpost
322 1630 488 1665 dicuntur
519 1631 682 1674 spatimn
715 1630 880 1664 relictum
912 1633 962 1665 est
993 1629 1033 1663 in
1068 1630 1114 1673 H,
1141 1629 1221 1664 edd.
1249 1630 1384 1664 habent
1416 1629 1479 1664 sed
1511 1630 1546 1664 in
1583 1629 1656 1664 alia.

119 1690 274 1725 habetur
420 1691 586 1734 quartum
619 1688 710 1723 ΗΡ3
742 1691 799 1733 (m.
828 1692 846 1722 1
872 1699 963 1723 corr.
1000 1690 1179 1733 quartani)
1325 1689 1386 1733 qui
1413 1690 1495 1722 sunt
1521 1699 1587 1723 om.
1614 1688 1657 1722 H

168 1750 240 1784 illis
272 1749 306 1783 V
376 1749 397 1783 2
425 1747 546 1783 dicens
574 1747 618 1782 de
646 1748 789 1782 domino
816 1747 869 1782 1³²
941 1748 963 1781 4
990 1748 1143 1792 carcere]
1173 1758 1276 1782 carne
1310 1747 1343 1780 V
1468 1747 1655 1792 spiritibus

121 1808 269 1843 ueniens
301 1807 527 1853 praedicauit
557 1807 636 1843 edd.
669 1817 735 1841 sec.
769 1818 865 1842 sacr.
900 1807 970 1842 litt.
1116 1807 1137 1840 6
1171 1816 1293 1840 omnes
1321 1806 1415 1851 quia,
1442 1817 1486 1840 m.
1515 1809 1534 1839 1
1562 1817 1654 1840 corr.

122 1878 315 1913 omnesque
341 1878 361 1901 a
387 1866 416 1901 S
446 1866 561 1900 omnis
594 1866 655 1910 qui
689 1878 718 1905 a,
751 1877 795 1900 m.
830 1869 848 1899 1
880 1876 970 1900 corr.
1004 1876 1199 1910 omnesque
1227 1876 1246 1899 a
1271 1864 1319 1899 P¹
1348 1876 1542 1910 omnesque
1571 1869 1653 1908 (om.

122 1928 154 1970 a)
181 1926 229 1961 Ρ2
349 1925 502 1970 tenebis,
528 1937 572 1961 m.
602 1927 627 1960 2
651 1925 811 1960 tenebris
838 1925 872 1959 P
987 1925 1005 1958 7
1034 1924 1205 1958 liberabit
1230 1923 1282 1958 122
1402 1923 1589 1969 iudicium]
1617 1925 1653 1958 in

121 1985 291 2020 iudicium
317 1985 401 2020 PP¹
428 1986 479 2030 (in
505 1997 550 2020 m.
579 1987 604 2019 2
629 1987 723 2029 exp.)
744 1985 772 2019 S
798 1985 847 2027 (in
875 1983 957 2026 del.)
982 1983 1108 2017 ῘΙἯΡ3
1179 1983 1200 2017 8
1229 1985 1427 2028 exspectnt,
1452 1994 1497 2019 m.
1519 1987 1537 2017 1
1562 1994 1653 2018 corr.

122 2047 347 2090 exspectetur
371 2043 419 2079 Ρι
518 2044 569 2089 in]
600 2055 639 2078 ex
666 2043 716 2078 P²
814 2044 1021 2085 sanctitate,
1048 2054 1092 2077 m.
1120 2045 1139 2076 1
1165 2053 1256 2077 corr.
1284 2043 1470 2077 sanctitati
1497 2042 1545 2076 Pl

262 2161 303 2196 K
337 2178 380 2190 =
408 2161 484 2196 cod.
523 2161 790 2195 Casanatensis
821 2161 857 2194 Β
890 2160 954 2193 IV
983 2162 1031 2193 18
1062 2170 1089 2194 s.
1123 2159 1204 2201 ΙΧ;
1237 2159 1331 2194 deest
1362 2160 1509 2193 initium
1542 2171 1655 2203 usque

407 2220 516 2264 adp.
548 2220 635 2257 528,
663 2221 713 2253 :24
742 2218 915 2264 (quando)

263 2279 311 2313 M
340 2296 382 2309 τ-
410 2280 486 2314 cod.
514 2279 755 2313 Monacensis
784 2280 891 2312 6260·
917 2290 943 2313 s.
973 2278 1020 2311 X.

263 2338 302 2372 F
340 2355 382 2367 z
411 2338 488 2373 cod.
516 2338 809 2382 Salisbzcryensis
835 2338 873 2371 X
901 2339 954 2371 29
978 2348 1004 2371 s.
1034 2337 1192 2371 X-—XL

263 2398 297 2432 A
340 2414 382 2427 -Ξ
410 2398 487 2432 cocl.
516 2397 925 2441 Audomaropolitanus
955 2398 1014 2439 76,
1043 2398 1077 2436 8,
1109 2397 1131 2429 9
1155 2407 1182 2430 s.
1212 2396 1371 2429 X—XI.

269 2458 298 2491 C
337 2473 379 2486 =
406 2457 483 2492 cod.
515 2457 727 2490 (lasinensis
754 2455 832 2490 16¹⁹
857 2467 883 2490 s.
912 2456 983 2489 XI.

265 2516 300 2550 P
336 2533 378 2545 Ξ
406 2516 483 2550 cod.
510 2516 710 2549 Parisinus
737 2526 822 2549 nou.
852 2525 926 2558 (th.
955 2517 1055 2548 1444
1082 2525 1108 2548 s.
1138 2514 1209 2548 XI.

268 2574 301 2608 G
339 2591 382 2604 z
410 2574 488 2610 cod.
516 2573 773 2619 Sanyallensis
800 2576 874 2607 148
898 2584 926 2608 s.
954 2573 1025 2607 XI.

265 2635 303 2668 N
338 2651 380 2663 z
408 2634 484 2670 cod.
512 2634 764 2667 Atrebatensix
793 2634 870 2666 949
903 2634 1018 2675 (339)
1051 2644 1079 2666 s.
1109 2632 1172 2666 XI
1203 2632 1348 2665 initium
1376 2634 1518 2665 tantum
1544 2630 1652 2664 habet

407 2703 518 2735 usque
545 2691 596 2726 acl
615 2704 652 2736 p.
685 2693 772 2734 525,
802 2692 826 2723 8
851 2691 1096 2733 (cruciatibus)

177 2808 214 2842 11
245 2808 346 2842 fratri
373 2808 553 2853 episcopo,
581 2820 623 2842 m.
653 2810 671 2841 1
699 2818 789 2842 corr.
819 2807 918 2841 fratri
947 2811 983 2841 et
1009 2807 1220 2852 coepiscopo
1248 2807 1286 2840 F
