1952 3118
655 190 1008 235 epistularum
1049 190 1169 226 CXLI.
1587 194 1670 235 ΟΟ’7

1587 217 1642 234 ut}

143 319 278 361 adhuc
316 320 559 361 uiuentibus
605 321 678 370 eis,
719 320 790 373 qui
831 321 1186 374 subscripserunt,
1225 322 1485 364 innotuerint
1530 322 1672 364 eadem

141 393 260 444 gesta
305 391 499 432 omnibus
546 391 665 441 locis,
704 391 744 432 in
793 392 945 444 quibus
992 395 1158 446 oportet
1202 395 1250 434 ut
1294 393 1572 443 innotescant,
1615 394 1674 435 sic

142 463 266 502 etiam
324 462 375 503 ad
436 465 629 515 posteros
701 462 942 503 confirmata
1005 463 1160 505 ueritas
1229 464 1484 516 perdurabit.
1545 464 1675 505 nolite

142 544 238 587 ergo
284 545 376 574 esse
419 533 573 587 ingrati
617 536 758 574 tantae
796 532 1107 575 misericordiae
1154 534 1232 582 dei,
1279 548 1384 587 quae
1428 548 1501 588 per
1549 536 1672 576 istan}

143 604 404 658 diligentiam
430 605 552 646 uobis
580 605 819 646 ministrata
845 607 931 653 est3
960 606 1075 647 nulla
1108 606 1319 648 excusatio
1346 607 1429 648 iam
1456 607 1674 655 remansit;

142 675 317 717 nimium
357 675 472 723 dura,
510 676 687 717 nimium
726 676 933 717 diabolica
978 676 1102 718 corda
1146 679 1244 718 sunt
1293 677 1526 727 hominum,
1570 690 1676 730 quae

143 747 277 788 adhuc
309 749 450 789 tantae
482 748 813 789 manifestationi
845 749 1038 790 ueritatis
1072 748 1295 790 obsistunt.

202 819 308 860 Ecce
341 819 527 872 episcopi
559 819 690 872 partis
723 821 902 869 uestrae,
937 832 1042 873 quos
1077 832 1218 861 omnes
1258 819 1490 873 elegerunt,
1524 823 1572 859 ut
1604 830 1676 872 pro

144 889 337 931 omnibus
387 889 670 943 loquerentur.
723 890 860 932 conati
913 892 1023 939 sunt,
1076 893 1279 943 quantum
1336 891 1579 944 potuerunt,
1631 891 1679 930 ut

145 961 312 1002 omnino
345 961 438 1014 ipsa
464 973 590 1002 causa
616 974 695 1002 non
724 963 930 1015 ageretur,
957 964 1126 1015 propter
1154 974 1279 1014 quam
1306 962 1451 1002 tantus
1478 973 1677 1002 numerus

144 1032 434 1085 episcoporum
474 1032 696 1086 utriusque
734 1032 865 1086 partis
905 1032 954 1073 de
994 1032 1194 1074 uniuersa
1230 1032 1373 1073 Africa
1412 1034 1453 1073 et
1498 1031 1546 1073 de
1590 1034 1677 1072 tam

142 1103 384 1158 longinquis
423 1103 527 1144 locis
567 1102 862 1157 Carthaginem
902 1105 1088 1144 uenerat.
1136 1105 1177 1144 et
1221 1115 1316 1144 cum
1362 1103 1497 1145 omnis
1543 1103 1680 1144 anima

146 1187 351 1228 suspensa
395 1176 643 1228 expectaret,
687 1175 727 1216 in
773 1178 889 1216 tanta
934 1175 1181 1217 collectione
1227 1174 1326 1228 quid
1371 1178 1578 1228 ageretur,
1617 1174 1680 1214 illi

145 1246 415 1287 uehementer
445 1246 671 1296 instabant,
699 1248 747 1287 ut
778 1246 882 1287 nihil
915 1248 1122 1301 ageretur.
1158 1259 1240 1298 qua
1265 1258 1308 1286 re
1342 1245 1434 1295 hoc,
1468 1245 1549 1287 nisi
1583 1246 1681 1298 quia

147 1329 315 1358 causam
355 1329 475 1357 suam
514 1316 667 1357 malam
707 1316 897 1357 sciebant
935 1318 977 1357 et
1014 1316 1215 1357 facillime
1249 1328 1292 1357 se
1325 1328 1450 1368 posse
1483 1316 1610 1361 uinci,
1645 1315 1679 1356 si

146 1390 355 1442 ageretur.
384 1387 574 1429 dubitare
607 1400 686 1428 non
720 1389 940 1441 poterant?
973 1387 1064 1440 ipse
1093 1399 1189 1442 ergo
1217 1386 1381 1428 animus
1411 1399 1568 1437 eorum,
1597 1399 1679 1440 quo

146 1459 365 1501 timebant.
398 1471 447 1499 ne
480 1471 607 1499 causa
639 1460 846 1512 ageretur,
880 1458 962 1499 iam
995 1458 1134 1499 uictos
1169 1470 1240 1499 eos
1274 1470 1367 1498 esse
1405 1458 1679 1499 monstrabat.

149 1530 183 1571 si
216 1530 324 1571 enim
359 1532 664 1583 extorquerent,
699 1530 812 1582 quod
843 1529 1056 1577 uolebant,
1084 1532 1132 1569 ut
1157 1529 1241 1569 iam
1269 1528 1449 1570 conlatio
1476 1529 1569 1582 ipsa
1600 1542 1680 1570 non

147 1601 278 1649 fieret,
312 1613 386 1643 nec
420 1601 779 1654 disputationibus
814 1600 968 1642 nostris
1000 1600 1158 1641 ueritas
1192 1602 1420 1653 appareret,
1458 1600 1680 1641 redeuntes

149 1685 172 1713 a
205 1672 456 1727 Carthagine
483 1672 583 1725 quid
609 1671 731 1713 uobis
760 1673 877 1713 erant
908 1670 1179 1725 responsuri?
1207 1670 1307 1724 quid
1329 1670 1682 1712 demonstraturi?

150 1743 284 1793 credo,
317 1742 519 1797 prolaturi
553 1744 670 1784 erant
702 1744 820 1797 gesta
855 1743 897 1783 et
923 1741 1075 1783 dicturi
1107 1741 1249 1783 uobis:
1283 1741 1371 1783 Nos
1402 1741 1681 1791 instabamus,

149 1817 196 1855 ut
222 1827 348 1855 causa
374 1827 455 1855 non
482 1816 689 1867 ageretur,
710 1813 773 1854 illi
794 1813 1020 1863 instabant,
1050 1814 1097 1853 ut
1123 1814 1328 1867 ageretur.
1353 1825 1431 1854 uos
1454 1812 1683 1866 expectatis

150 1885 305 1933 uidere,
340 1884 439 1938 quid
473 1885 701 1938 egerimus;
736 1897 832 1926 ecce
864 1884 1009 1938 legite,
1044 1883 1117 1925 ubi
1157 1896 1227 1924 eos
1267 1882 1464 1933 uicimus,
1499 1885 1548 1924 ut
1579 1883 1683 1924 nihil

151 1969 381 2011 ageremus.
420 1956 525 1997 forte
564 1957 606 1996 et
643 1968 721 1997 uos
759 1955 1084 2008 responderetis,
1120 1955 1154 1995 si
1195 1966 1263 1996 cor
1301 1954 1534 1996 haberetis:
1567 1953 1684 1995 Nihil

199 2084 219 2118 2
246 2086 287 2116 ut
312 2094 390 2123 om„
417 2094 462 2116 m.
483 2085 502 2116 1
523 2082 569 2126 (Ρ)
598 2083 684 2118 add.
711 2082 746 2116 P
796 2083 816 2116 3
843 2081 1053 2127 perdurauit
1078 2082 1113 2116 P
1139 2084 1244 2124 (corr.
1271 2081 1496 2127 perdurabit)
1514 2080 1683 2116 MFAP¹

152 2145 209 2182 (m.
239 2144 264 2175 2
287 2141 512 2186 perdurabit)
539 2141 574 2176 R
600 2141 678 2175 edd.
702 2144 850 2184 praeter
875 2152 939 2174 em
989 2141 1010 2173 4
1032 2141 1104 2184 qui,
1132 2151 1175 2174 m.
1198 2142 1216 2173 1
1234 2150 1324 2174 corr.
1347 2150 1415 2185 qur„¹
1437 2139 1485 2173 M
1538 2140 1559 2173 6
1581 2138 1681 2183 dura]

153 2199 238 2234 dura
264 2204 301 2235 et
325 2201 361 2234 P
503 2203 586 2234 sunt
611 2200 793 2234 hominum
821 2199 928 2233 corda
954 2199 1032 2233 edd.
1181 2200 1198 2233 7
1232 2199 1372 2243 tantae!
1406 2200 1509 2232 tante
1542 2197 1624 2232 huic
1651 2198 1686 2231 P

198 2260 501 2301 manifestatione,
528 2271 572 2294 m.
601 2262 618 2293 1
644 2270 734 2293 corr.
762 2258 1050 2292 manifestationi
1077 2256 1126 2292 Ρ1
1176 2260 1197 2292 8
1225 2257 1418 2301 eligerunt,
1445 2268 1536 2291 corr.
1564 2257 1683 2301 elege-

152 2321 234 2352 runt
265 2319 300 2353 P
449 2319 490 2353 10
524 2323 612 2363 qua»
643 2320 768 2351 tantus
800 2318 836 2351 P
866 2319 1021 2362 quantus
1054 2317 1103 2350 M
1133 2318 1189 2359 (m.
1217 2319 1236 2350 1
1262 2326 1354 2351 corr.
1382 2320 1453 2360 qua
1483 2318 1622 2358 tantus)
1648 2315 1687 2349 F

156 2377 196 2410 12
223 2380 395 2413 uenerant
421 2378 456 2412 P
566 2378 607 2411 13
634 2377 723 2411 illud
750 2378 784 2410 A
898 2377 940 2410 14
966 2376 1166 2416 instabunt,
1194 2368 1238 2412 νὴ.
1264 2378 1283 2409 1
1309 2386 1399 2410 corr.
1427 2374 1614 2408 instabant
1639 2373 1687 2407 M

201 2438 284 2482 quia
309 2448 375 2472 om.
402 2437 437 2471 P
559 2438 600 2472 15
626 2448 662 2471 se
690 2447 756 2471 om.
784 2437 831 2470 Μ
953 2437 994 2469 16
1022 2435 1116 2480 quod
1143 2436 1179 2469 P
1300 2436 1341 2469 17
1369 2446 1433 2469 nec
1460 2436 1491 2479 (c
1517 2436 1609 2478 πρ.)
1634 2433 1681 2466 P¹

201 2496 450 2530 monstrabant
475 2496 510 2530 P
533 2498 642 2540 (post.
670 2507 691 2530 n
718 2498 825 2538 eras.)
853 2495 897 2529 M
920 2497 1030 2539 (post.
1057 2506 1080 2528 n
1106 2497 1200 2539 exp.)
1272 2495 1314 2527 1&
1335 2493 1505 2528 uolebant
1526 2514 1536 2523 .
1560 2493 1628 2525 iam
1652 2491 1686 2525 P

157 2555 199 2589 1⁴.)
225 2566 268 2589 ne
294 2555 342 2589 M
436 2555 617 2600 apparit-et
641 2555 676 2588 A
751 2554 796 2588 20
823 2555 857 2598 a]
885 2556 922 2588 at
949 2556 980 2595 (t
1006 2556 1100 2598 eoep.)
1126 2552 1175 2587 P¹
1232 2553 1286 2587 ⁴22
1315 2564 1422 2587 causa
1449 2544 1512 2586 nra
1539 2553 1684 2596 geretur

155 2615 212 2655 (m.
239 2616 264 2648 2
290 2616 468 2658 ageretur)
496 2613 543 2648 P¹
689 2613 934 2658 expectabatis
961 2612 1010 2647 M
1127 2613 1172 2647 23
1199 2611 1322 2646 audire
1348 2612 1383 2645 P
1528 2610 1622 2654 quod
1648 2611 1682 2643 A

203 2684 399 2717 egeremuS‚
425 2685 469 2709 m.
498 2677 516 2707 1
540 2685 654 2718 supra
681 2684 868 2718 ageremus
893 2672 933 2706 F
955 2670 1143 2716 ageremus
1169 2672 1216 2707 M
1240 2671 1397 2717 gerimus
1423 2671 1458 2704 A
1550 2670 1682 2713 *legite

156 2733 248 2776 (suit
273 2734 305 2774 e)
331 2733 366 2766 P
438 2733 483 2767 24
509 2732 835 2767 forte—haberetis
862 2743 941 2773 om„
968 2743 1012 2766 m.
1040 2733 1066 2765 2
1090 2731 1131 2766 in
1155 2742 1268 2775 marq.
1298 2729 1384 2764 add.
1406 2729 1441 2763 P
1536 2739 1682 2773 respon-

157 2789 279 2825 deritis
304 2794 339 2825 A
