1924 3122
56 1189 147 1232 119

153 997 186 1022 10

152 1351 184 1377 15

157 1707 191 1732 20

669 212 1021 256 epistularum
1061 211 1290 247 CXXXVIII.
1659 215 1741 255 133

214 343 355 382 tutum
389 343 467 389 est,
503 341 647 383 itidem
687 344 801 383 recte
839 341 920 383 alio
959 343 1146 396 tempore
1184 355 1309 396 posse
1348 342 1501 384 mutari
1540 342 1743 383 mutantis

215 424 336 466 opere
363 426 441 454 non
470 412 745 466 dispositione
766 415 942 462 mutata,
965 426 1089 467 quam
1111 413 1430 467 dispositionem
1451 413 1743 468 intellegibilis

213 483 318 525 ratio
346 484 544 533 continet,
566 483 637 525 ubi
664 483 753 524 sine
780 486 967 536 tempore
994 484 1122 525 simul
1149 486 1261 534 sunt,
1282 497 1388 537 quae
1414 484 1455 525 in
1482 484 1744 537 temporibus

214 555 340 596 simul
385 554 472 596 fieri
518 567 596 596 non
640 556 834 609 possunt,
879 555 977 608 quia
1020 558 1210 608 tempora
1254 568 1332 597 non
1384 555 1512 596 simul
1556 557 1744 604 currunt,

214 626 420 681 quispiam
460 626 651 668 fortassis
690 628 882 680 expectet
920 638 1068 668 causas
1102 639 1124 667 a
1162 626 1284 667 nobis
1322 626 1456 680 ipsius
1496 626 1744 668 mutationis

213 698 414 752 accipere.
442 698 554 751 quod
579 698 669 752 ipse
695 698 806 739 nosti
833 711 959 751 quam
987 698 1135 752 prolixi
1162 698 1322 753 negotii
1349 697 1415 740 sit.
1436 710 1584 739 uerum
1605 701 1744 739 tamen

211 770 396 811 breuiter
433 769 514 810 dici
558 771 713 823 potest,
753 770 866 823 quod
910 769 1068 812 homini
1113 772 1236 812 acuto
1281 769 1472 811 fortassis
1520 769 1745 818 suffecerit,

212 840 305 881 aliis
345 840 617 882 sacramentis
655 840 941 893 praenuntiari
974 840 1204 891 Christum,
1239 853 1334 882 cum
1374 842 1576 881 uenturus
1617 842 1745 889 esset,

211 911 319 962 aliis,
359 923 453 952 cum
487 911 684 962 uenisset,
718 911 956 953 adnuntiari
996 912 1249 966 oportuisse,
1283 912 1395 954 sicut
1431 911 1555 952 modo
1594 924 1669 952 nos
1702 910 1745 952 id

210 985 349 1036 ipsum
376 982 595 1036 loquentes
623 983 847 1024 diuersitas
873 996 1013 1024 rerum
1040 984 1247 1037 compulit
1273 983 1398 1025 etiam
1421 983 1548 1024 uerba
1569 984 1744 1031 mutare,

211 1053 246 1095 si
273 1053 441 1106 quidem
469 1053 583 1095 aliud
609 1057 673 1096 est
704 1055 1015 1108 ‘praenuntiari‘
1049 1055 1164 1096 aliud
1196 1054 1459 1096 ‘adnuntiari’
1492 1054 1606 1095 aliud
1633 1057 1743 1095 ‘cum

209 1127 415 1166 uenturus
448 1128 576 1167 esset'
609 1126 725 1167 aliud
757 1130 868 1168 ‘cum
901 1126 1118 1169 uenisset).

268 1195 391 1237 Nunc
436 1196 584 1238 deinde
629 1197 864 1245 uideamus,
911 1198 1032 1251 quale
1079 1198 1148 1247 sit,
1194 1197 1306 1251 quod
1349 1198 1389 1239 in
1437 1198 1622 1251 epistula
1672 1199 1747 1238 tua

211 1267 416 1320 sequitur.
455 1267 648 1310 adiecisti
687 1268 796 1309 enim
837 1281 908 1310 eos
949 1269 1100 1319 dicere,
1141 1269 1252 1322 quod
1292 1268 1450 1311 Christi
1488 1267 1745 1321 praedicatio

212 1340 337 1391 atque
370 1339 560 1380 doctrina
589 1339 648 1381 rei
681 1340 875 1393 publicae
908 1340 1095 1382 moribus
1129 1340 1245 1381 nulla
1279 1353 1324 1381 ex
1357 1342 1474 1394 parte
1509 1338 1745 1387 conueniat,

215 1411 334 1452 cuius
367 1410 446 1452 hoc
479 1413 642 1453 constet
674 1424 765 1454 esse
799 1414 1083 1466 praeceptum,
1118 1414 1166 1453 ut
1197 1412 1302 1453 nulli
1335 1412 1493 1452 malum
1528 1424 1600 1464 pro
1633 1410 1745 1451 malo

213 1482 384 1524 reddere
425 1482 651 1524 debeamus
692 1486 733 1524 et
770 1483 1023 1537 percutienti
1063 1483 1186 1524 aliam
1226 1483 1421 1538 praebere
1459 1482 1670 1524 maxillam
1706 1482 1749 1522 et

214 1554 390 1608 pallium
418 1554 513 1596 dare
541 1555 591 1604 ei,
621 1554 691 1608 qui
717 1554 904 1596 tunicam
932 1555 1092 1596 auferre
1118 1554 1363 1608 perstiterit,
1392 1557 1434 1595 et
1460 1568 1555 1596 cuin
1583 1567 1646 1606 eo,
1674 1552 1746 1607 qui

215 1639 290 1667 nos
318 1626 531 1681 angariare
557 1626 755 1676 uoluerit,
776 1626 836 1667 ire
864 1626 1011 1667 debere
1034 1626 1169 1679 spatio
1196 1626 1358 1668 itineris
1386 1626 1612 1679 duplicato,
1640 1638 1746 1679 quae

216 1697 356 1738 omnia
392 1697 450 1737 rei
489 1697 681 1749 publicae
719 1697 906 1739 moribus
951 1698 1201 1739 adseruntur
1246 1710 1338 1739 esse
1372 1697 1590 1739 contraria.
1636 1697 1745 1737 ‘nam

216 1768 337 1821 quis‘.
363 1768 573 1821 inquiunt,
600 1768 707 1810 ‘tolli
734 1768 815 1810 sibi
843 1769 891 1810 ab
920 1769 1041 1810 hoste
1062 1769 1222 1823 aliquid
1242 1769 1426 1822 patiatur
1445 1768 1514 1810 uel
1535 1768 1746 1809 Romanae

215 1838 454 1892 prouinciae
481 1839 850 1892 depraedatoribus
878 1853 958 1881 non
985 1841 1095 1882 mala
1121 1840 1226 1881 uelit
1251 1839 1350 1881 belli
1384 1840 1473 1881 iure
1506 1838 1748 1892 reponere?

338 1967 476 2001 14—22
503 1983 546 1995 =
573 1978 607 2011 p.
634 1967 691 2009 95,
718 1966 834 2001 6—15

266 2050 281 2083 1
310 2049 436 2083 itidem
462 2060 535 2084 rcus.
569 2060 612 2083 ex
643 2048 780 2083 utidem
808 2049 843 2083 P
872 2049 1005 2083 ididem
1033 2050 1059 2083 I
1088 2049 1182 2083 idern
1210 2049 1289 2084 edd.
1320 2053 1467 2093 praeter
1493 2061 1516 2082 α
1628 2059 1745 2093 posse,

216 2119 259 2144 m.
289 2111 314 2142 2
338 2111 460 2154 posset
485 2109 520 2142 P
614 2109 789 2143 mutantis
816 2111 845 2142 (s
871 2120 915 2143 m.
944 2110 970 2143 2
994 2109 1034 2143 in
1061 2110 1148 2152 ras.)
1174 2109 1221 2142 M
1243 2111 1424 2142 mutantes
1450 2108 1488 2142 1)
1578 2109 1598 2142 2
1626 2119 1746 2152 opere,

216 2179 260 2202 m.
288 2170 314 2201 2
339 2179 444 2212 opere
471 2167 517 2201 M
640 2167 877 2213 dispositione
904 2170 963 2211 (ω
990 2170 1097 2205 eras)
1128 2168 1162 2202 P
1186 2167 1439 2212 dispotionem.
1466 2179 1510 2201 m.
1540 2170 1564 2200 2
1592 2167 1744 2211 disposi-

216 2227 313 2261 tione
339 2226 384 2260 H
488 2226 771 2272 disputationem
799 2227 842 2261 H
961 2228 981 2262 3
1008 2227 1185 2262 contifflet
1210 2227 1253 2260 H
1277 2230 1446 2261 contenet
1472 2226 1507 2261 R
1624 2226 1743 2269 simul}

217 2286 386 2320 simulata
410 2285 437 2319 I
519 2286 539 2317 5
567 2288 752 2331 exspectat
778 2285 814 2321 R
911 2286 1026 2329 uobis,
1051 2297 1096 2320 m.
1124 2288 1150 2320 2
1175 2285 1279 2319 nobis
1307 2285 1350 2319 H
1426 2286 1446 2319 6
1475 2284 1585 2330 quod]
1615 2296 1683 2329 quo
1711 2284 1749 2318 Ε

217 2346 274 2387 (m.
304 2346 328 2377 2
360 2343 468 2388 quod)
494 2343 530 2379 R
651 2345 773 2388 quarn]
809 2355 878 2389 qua
905 2344 931 2378 I
1048 2344 1095 2378 sit
1127 2345 1266 2389 negotii
1300 2344 1378 2378 edd.
1503 2345 1521 2378 7
1555 2347 1697 2388 poteest
1724 2344 1749 2376 Ι

264 2402 446 2437 suffecerit
478 2402 522 2436 H
548 2403 607 2448 (m.
642 2405 667 2437 2
698 2404 885 2447 sufficerit)
918 2404 967 2438 M
994 2406 1052 2447 (ex
1083 2403 1258 2438 sufficerit
1288 2407 1329 2437 ut
1360 2403 1452 2445 uid.)
1486 2403 1660 2437 sufficerit
1686 2403 1744 2436 JA

218 2462 399 2496 sufficeret
424 2461 537 2497 DER
610 2463 631 2497 8
658 2463 887 2508 prenuntiare
914 2463 1016 2498 ERI
1038 2463 1263 2508 pronuntiari
1291 2463 1329 2497 D
1396 2463 1416 2497 9
1444 2463 1523 2496 aliis
1551 2473 1630 2497 om..
1657 2473 1684 2495 s.
1707 2473 1743 2495 u.

219 2519 303 2554 add.
330 2520 368 2554 D
477 2521 688 2555 adnuntiare
716 2521 782 2555 DI
902 2522 944 2556 10
972 2522 1140 2567 compuli,
1169 2534 1218 2558 m.-
1241 2525 1264 2555 3
1291 2521 1465 2566 compulit
1494 2521 1533 2554 II
1557 2520 1692 2565 copulit
1724 2520 1749 2553 Ι

264 2580 395 2614 mutari
425 2579 495 2615 ER
571 2581 609 2614 11
640 2581 871 2626 prenuntiare
892 2582 965 2616 ER
1034 2582 1076 2616 13
1102 2580 1266 2616 uidemus
1287 2581 1325 2615 Ι)
1398 2580 1506 2624 quod}
1536 2579 1625 2614 illud
1648 2577 1744 2623 quod

218 2637 297 2673 edd.
317 2643 467 2683 praeter
492 2651 516 2673 a
603 2640 645 2673 16
672 2643 815 2674 constat
840 2641 891 2684 P‚·
916 2641 962 2683 cf.
988 2652 1023 2685 p⁴
1041 2642 1114 2679 ·95‚
1143 2642 1168 2674 8
1256 2640 1298 2674 18
1326 2639 1480 2684 palleum
1509 2639 1533 2672 I
1642 2649 1743 2683 prae-

219 2697 355 2731 stiterit
380 2697 445 2732 DI
518 2697 559 2731 19
586 2697 784 2743 duplicatio
810 2698 846 2733 R
919 2699 964 2733 20
991 2710 1027 2733 re
1053 2699 1221 2744 publicae
1247 2698 1283 2733 R
1363 2698 1402 2732 21
1433 2697 1601 2742 inquiunt
1629 2698 1648 2729 sl
1680 2705 1682 2712 ’
1724 2701 1743 2727 1!

219 2756 306 2797 (ras.
338 2757 434 2789 7-8
460 2756 496 2791 l.)
524 2756 548 2789 Ι
690 2757 862 2801 patiatur,
895 2757 934 2791 in
961 2768 1072 2802 mary.
1106 2757 1337 2802 permittatur
1363 2757 1388 2790 I
1507 2756 1551 2790 22
1580 2755 1683 2789 uellit
1710 2754 1745 2789 R

266 2824 437 2859 reponere
464 2815 503 2848 in
521 2815 601 2859 fine
620 2826 707 2860 paq.
735 2826 802 2849 om.
831 2816 856 2849 I
