<?xml version="1.0" encoding="UTF-8"?>
<!DOCTYPE html PUBLIC "-//W3C//DTD XHTML 1.0 Transitional//EN"
    "http://www.w3.org/TR/xhtml1/DTD/xhtml1-transitional.dtd">
<html xmlns="http://www.w3.org/1999/xhtml" xml:lang="en" lang="en">
 <head>
  <title>
</title>
<meta http-equiv="Content-Type" content="text/html;charset=utf-8" />
  <meta name='ocr-system' content='tesseract 3.04.00' />
  <meta name='ocr-capabilities' content='ocr_page ocr_carea ocr_par ocr_line ocrx_word'/>
</head>
<body>
  <div class='ocr_page' id='page_1' title='image "./corpusscriptorum44auguuoft_0376.png"; bbox 0 0 1952 3118; ppageno 0'>
   <div class='ocr_carea' id='block_1_1' title="bbox 166 1160 219 1201">
    <p class='ocr_par' dir='ltr' id='par_1_1' title="bbox 166 1160 219 1201">
     <span class='ocr_line' id='line_1_1' title="bbox 166 1160 219 1201; baseline 0.038 -2"><span class='ocrx_word' id='word_1_1' title='bbox 166 1160 219 1201; x_wconf 90' lang='lat'>18</span> 
     </span>
    </p>
   </div>
   <div class='ocr_carea' id='block_1_2' title="bbox 254 184 1310 229">
    <p class='ocr_par' dir='ltr' id='par_1_2' title="bbox 254 184 1310 229">
     <span class='ocr_line' id='line_1_2' title="bbox 254 184 1310 229; baseline -0.008 -2"><span class='ocrx_word' id='word_1_2' title='bbox 254 187 338 227; x_wconf 63' lang='lat'>364</span> <span class='ocrx_word' id='word_1_3' title='bbox 731 187 764 218; x_wconf 56' lang='grc' dir='ltr'>δ’.</span> <span class='ocrx_word' id='word_1_4' title='bbox 804 184 987 218; x_wconf 85' lang='lat' dir='ltr'>Aureli</span> <span class='ocrx_word' id='word_1_5' title='bbox 1026 186 1310 229; x_wconf 72' lang='lat' dir='ltr'>Augustini</span> 
     </span>
    </p>
   </div>
   <div class='ocr_carea' id='block_1_3' title="bbox 252 314 1843 2005">
    <p class='ocr_par' dir='ltr' id='par_1_3' title="bbox 253 314 1842 1138">
     <span class='ocr_line' id='line_1_3' title="bbox 255 314 1779 367; baseline 0 -13"><span class='ocrx_word' id='word_1_6' title='bbox 255 314 375 355; x_wconf 87' lang='lat' dir='ltr'>dicit:</span> <span class='ocrx_word' id='word_1_7' title='bbox 410 314 520 355; x_wconf 88' lang='lat' dir='ltr'>Hoc</span> <span class='ocrx_word' id='word_1_8' title='bbox 554 314 690 354; x_wconf 88' lang='lat' dir='ltr'>enim</span> <span class='ocrx_word' id='word_1_9' title='bbox 722 314 911 354; x_wconf 85' lang='lat' dir='ltr'>bonum</span> <span class='ocrx_word' id='word_1_10' title='bbox 949 316 1029 355; x_wconf 87' lang='lat' dir='ltr'>est</span> <span class='ocrx_word' id='word_1_11' title='bbox 1068 317 1118 355; x_wconf 88' lang='lat' dir='ltr'>et</span> <span class='ocrx_word' id='word_1_12' title='bbox 1158 319 1440 367; x_wconf 84' lang='lat' dir='ltr'>acceptum</span> <span class='ocrx_word' id='word_1_13' title='bbox 1476 327 1647 356; x_wconf 86' lang='lat' dir='ltr'>coram</span> <span class='ocrx_word' id='word_1_14' title='bbox 1684 315 1779 356; x_wconf 86' lang='lat' dir='ltr'>sal-</span> 
     </span>
     <span class='ocr_line' id='line_1_4' title="bbox 255 384 1779 437; baseline 0.001 -13"><span class='ocrx_word' id='word_1_15' title='bbox 255 388 441 425; x_wconf 84' lang='lat' dir='ltr'>uatore</span> <span class='ocrx_word' id='word_1_16' title='bbox 477 384 569 425; x_wconf 87' lang='lat' dir='ltr'>deo</span> <span class='ocrx_word' id='word_1_17' title='bbox 604 387 808 435; x_wconf 72' lang='lat' dir='ltr'>nostro,</span> <span class='ocrx_word' id='word_1_18' title='bbox 837 385 926 437; x_wconf 88' lang='lat' dir='ltr'>qui</span> <span class='ocrx_word' id='word_1_19' title='bbox 960 398 1137 426; x_wconf 82' lang='lat' dir='ltr'>omnes</span> <span class='ocrx_word' id='word_1_20' title='bbox 1171 386 1413 427; x_wconf 87' lang='lat' dir='ltr'>homines</span> <span class='ocrx_word' id='word_1_21' title='bbox 1441 386 1564 427; x_wconf 87' lang='lat' dir='ltr'>uult</span> <span class='ocrx_word' id='word_1_22' title='bbox 1594 387 1779 427; x_wconf 87' lang='lat' dir='ltr'>saluos</span> 
     </span>
     <span class='ocr_line' id='line_1_5' title="bbox 254 455 1781 510; baseline 0.001 -14"><span class='ocrx_word' id='word_1_23' title='bbox 254 456 379 496; x_wconf 83' lang='lat' dir='ltr'>fieri</span> <span class='ocrx_word' id='word_1_24' title='bbox 421 457 471 497; x_wconf 90' lang='lat' dir='ltr'>et</span> <span class='ocrx_word' id='word_1_25' title='bbox 508 455 556 495; x_wconf 92' lang='lat' dir='ltr'>in</span> <span class='ocrx_word' id='word_1_26' title='bbox 599 456 936 509; x_wconf 71' lang='lat' dir='ltr'>agnitionem</span> <span class='ocrx_word' id='word_1_27' title='bbox 971 457 1234 497; x_wconf 85' lang='lat' dir='ltr'>ueritatis</span> <span class='ocrx_word' id='word_1_28' title='bbox 1268 457 1464 498; x_wconf 87' lang='lat' dir='ltr'>uenire.</span> <span class='ocrx_word' id='word_1_29' title='bbox 1512 460 1552 498; x_wconf 84' lang='lat' dir='ltr'>et</span> <span class='ocrx_word' id='word_1_30' title='bbox 1584 470 1633 498; x_wconf 89' lang='lat' dir='ltr'>ne</span> <span class='ocrx_word' id='word_1_31' title='bbox 1669 457 1781 510; x_wconf 84' lang='lat' dir='ltr'>quis-</span> 
     </span>
     <span class='ocr_line' id='line_1_6' title="bbox 255 527 1781 579; baseline 0 -11"><span class='ocrx_word' id='word_1_32' title='bbox 255 539 378 579; x_wconf 85' lang='lat' dir='ltr'>quam</span> <span class='ocrx_word' id='word_1_33' title='bbox 414 527 573 567; x_wconf 88' lang='lat' dir='ltr'>diceret</span> <span class='ocrx_word' id='word_1_34' title='bbox 604 540 729 579; x_wconf 87' lang='lat' dir='ltr'>posse</span> <span class='ocrx_word' id='word_1_35' title='bbox 764 539 856 568; x_wconf 83' lang='lat' dir='ltr'>esse</span> <span class='ocrx_word' id='word_1_36' title='bbox 899 527 1050 568; x_wconf 87' lang='lat' dir='ltr'>salutis</span> <span class='ocrx_word' id='word_1_37' title='bbox 1096 528 1207 568; x_wconf 88' lang='lat' dir='ltr'>uiam</span> <span class='ocrx_word' id='word_1_38' title='bbox 1249 528 1289 568; x_wconf 87' lang='lat' dir='ltr'>in</span> <span class='ocrx_word' id='word_1_39' title='bbox 1322 528 1430 568; x_wconf 85' lang='lat' dir='ltr'>bona</span> <span class='ocrx_word' id='word_1_40' title='bbox 1463 528 1781 569; x_wconf 81' lang='lat' dir='ltr'>conuersatione</span> 
     </span>
     <span class='ocr_line' id='line_1_7' title="bbox 255 598 1842 652; baseline -0.001 -13"><span class='ocrx_word' id='word_1_41' title='bbox 255 598 452 639; x_wconf 84' lang='lat' dir='ltr'>etunius</span> <span class='ocrx_word' id='word_1_42' title='bbox 488 598 552 639; x_wconf 90' lang='lat' dir='ltr'>dei</span> <span class='ocrx_word' id='word_1_43' title='bbox 587 598 889 651; x_wconf 86' lang='lat' dir='ltr'>omnipotentis</span> <span class='ocrx_word' id='word_1_44' title='bbox 937 599 1054 639; x_wconf 86' lang='lat' dir='ltr'>cultu</span> <span class='ocrx_word' id='word_1_45' title='bbox 1102 599 1188 639; x_wconf 88' lang='lat' dir='ltr'>sine</span> <span class='ocrx_word' id='word_1_46' title='bbox 1228 599 1551 652; x_wconf 72' lang='lat' dir='ltr'>participatione</span> <span class='ocrx_word' id='word_1_47' title='bbox 1598 600 1780 652; x_wconf 87' lang='lat' dir='ltr'>corporis</span> <span class='ocrx_word' id='word_1_48' title='bbox 1825 613 1842 638; x_wconf 72' lang='grc' dir='ltr'>ε»</span> 
     </span>
     <span class='ocr_line' id='line_1_8' title="bbox 255 668 1778 722; baseline 0 -12"><span class='ocrx_word' id='word_1_49' title='bbox 255 672 295 710; x_wconf 92' lang='lat' dir='ltr'>et</span> <span class='ocrx_word' id='word_1_50' title='bbox 329 668 544 722; x_wconf 80' lang='lat' dir='ltr'>sanguinis</span> <span class='ocrx_word' id='word_1_51' title='bbox 580 668 750 718; x_wconf 72' lang='lat' dir='ltr'>Christi,</span> <span class='ocrx_word' id='word_1_52' title='bbox 796 682 931 710; x_wconf 88' lang='lat' dir='ltr'>unus</span> <span class='ocrx_word' id='word_1_53' title='bbox 979 670 1114 710; x_wconf 88' lang='lat' dir='ltr'>enim</span> <span class='ocrx_word' id='word_1_54' title='bbox 1161 669 1304 711; x_wconf 82' lang='lat' dir='ltr'>deus.</span> <span class='ocrx_word' id='word_1_55' title='bbox 1351 670 1502 722; x_wconf 75' lang='lat' dir='ltr'>inquit,</span> <span class='ocrx_word' id='word_1_56' title='bbox 1552 673 1601 711; x_wconf 89' lang='lat' dir='ltr'>et</span> <span class='ocrx_word' id='word_1_57' title='bbox 1645 683 1778 711; x_wconf 87' lang='lat' dir='ltr'>unus</span> 
     </span>
     <span class='ocr_line' id='line_1_9' title="bbox 254 740 1781 785; baseline 0 -4"><span class='ocrx_word' id='word_1_58' title='bbox 254 741 521 781; x_wconf 79' lang='lat' dir='ltr'>mediator</span> <span class='ocrx_word' id='word_1_59' title='bbox 554 740 636 781; x_wconf 87' lang='lat' dir='ltr'>dei</span> <span class='ocrx_word' id='word_1_60' title='bbox 672 742 721 781; x_wconf 91' lang='lat' dir='ltr'>et</span> <span class='ocrx_word' id='word_1_61' title='bbox 753 740 1025 781; x_wconf 89' lang='lat' dir='ltr'>hominum</span> <span class='ocrx_word' id='word_1_62' title='bbox 1059 741 1208 781; x_wconf 87' lang='lat' dir='ltr'>homo</span> <span class='ocrx_word' id='word_1_63' title='bbox 1239 740 1781 785; x_wconf 71' lang='lat' dir='ltr'>Olli-istiislesuS.11t</span> 
     </span>
     <span class='ocr_line' id='line_1_10' title="bbox 253 812 1779 864; baseline 0 -12"><span class='ocrx_word' id='word_1_64' title='bbox 253 812 372 854; x_wconf 82' lang='lat' dir='ltr'>illud.</span> <span class='ocrx_word' id='word_1_65' title='bbox 408 812 520 864; x_wconf 86' lang='lat' dir='ltr'>quod</span> <span class='ocrx_word' id='word_1_66' title='bbox 553 812 713 852; x_wconf 81' lang='lat' dir='ltr'>dixerat</span> <span class='ocrx_word' id='word_1_67' title='bbox 740 815 935 853; x_wconf 81' lang='lat' dir='ltr'>‘omnes</span> <span class='ocrx_word' id='word_1_68' title='bbox 968 812 1215 852; x_wconf 85' lang='lat' dir='ltr'>homines</span> <span class='ocrx_word' id='word_1_69' title='bbox 1250 814 1372 853; x_wconf 90' lang='lat' dir='ltr'>uult</span> <span class='ocrx_word' id='word_1_70' title='bbox 1406 812 1591 853; x_wconf 88' lang='lat' dir='ltr'>saluos</span> <span class='ocrx_word' id='word_1_71' title='bbox 1626 812 1779 862; x_wconf 85' lang='lat' dir='ltr'>fieri&#39;‚</span> 
     </span>
     <span class='ocr_line' id='line_1_11' title="bbox 253 883 1780 937; baseline -0.001 -13"><span class='ocrx_word' id='word_1_72' title='bbox 253 883 368 924; x_wconf 89' lang='lat' dir='ltr'>nullo</span> <span class='ocrx_word' id='word_1_73' title='bbox 398 883 477 924; x_wconf 90' lang='lat' dir='ltr'>alio</span> <span class='ocrx_word' id='word_1_74' title='bbox 505 883 629 923; x_wconf 86' lang='lat' dir='ltr'>modo</span> <span class='ocrx_word' id='word_1_75' title='bbox 663 883 934 937; x_wconf 77' lang='lat' dir='ltr'>intellegatur</span> <span class='ocrx_word' id='word_1_76' title='bbox 966 883 1167 935; x_wconf 84' lang='lat' dir='ltr'>praestari</span> <span class='ocrx_word' id='word_1_77' title='bbox 1195 883 1275 923; x_wconf 82' lang='lat' dir='ltr'>nisi</span> <span class='ocrx_word' id='word_1_78' title='bbox 1304 896 1375 935; x_wconf 88' lang='lat' dir='ltr'>per</span> <span class='ocrx_word' id='word_1_79' title='bbox 1400 883 1672 924; x_wconf 77' lang='lat' dir='ltr'>mediatorem</span> <span class='ocrx_word' id='word_1_80' title='bbox 1701 895 1780 923; x_wconf 88' lang='lat' dir='ltr'>non</span> 
     </span>
     <span class='ocr_line' id='line_1_12' title="bbox 254 953 1841 1007; baseline -0.003 -11"><span class='ocrx_word' id='word_1_81' title='bbox 254 955 392 1003; x_wconf 79' lang='lat' dir='ltr'>deum,</span> <span class='ocrx_word' id='word_1_82' title='bbox 440 954 551 1007; x_wconf 84' lang='lat' dir='ltr'>quod</span> <span class='ocrx_word' id='word_1_83' title='bbox 603 967 767 1006; x_wconf 86' lang='lat' dir='ltr'>semper</span> <span class='ocrx_word' id='word_1_84' title='bbox 818 957 905 994; x_wconf 87' lang='lat' dir='ltr'>erat</span> <span class='ocrx_word' id='word_1_85' title='bbox 949 954 1139 1001; x_wconf 84' lang='lat' dir='ltr'>uerbum,</span> <span class='ocrx_word' id='word_1_86' title='bbox 1189 954 1261 995; x_wconf 86' lang='lat' dir='ltr'>sed</span> <span class='ocrx_word' id='word_1_87' title='bbox 1306 954 1517 995; x_wconf 87' lang='lat' dir='ltr'>hominem</span> <span class='ocrx_word' id='word_1_88' title='bbox 1566 953 1780 995; x_wconf 79' lang='lat' dir='ltr'>Christum</span> <span class='ocrx_word' id='word_1_89' title='bbox 1808 968 1841 991; x_wconf 84' lang='lat'>10</span> 
     </span>
     <span class='ocr_line' id='line_1_13' title="bbox 254 1025 1780 1080; baseline -0.001 -14"><span class='ocrx_word' id='word_1_90' title='bbox 254 1026 409 1069; x_wconf 80' lang='lat' dir='ltr'>Iesum.</span> <span class='ocrx_word' id='word_1_91' title='bbox 444 1038 540 1066; x_wconf 90' lang='lat' dir='ltr'>cum</span> <span class='ocrx_word' id='word_1_92' title='bbox 573 1025 793 1067; x_wconf 88' lang='lat' dir='ltr'>uerbum</span> <span class='ocrx_word' id='word_1_93' title='bbox 828 1038 946 1066; x_wconf 88' lang='lat' dir='ltr'>caro</span> <span class='ocrx_word' id='word_1_94' title='bbox 987 1025 1191 1066; x_wconf 85' lang='lat' dir='ltr'>factum</span> <span class='ocrx_word' id='word_1_95' title='bbox 1227 1027 1308 1067; x_wconf 85' lang='lat' dir='ltr'>est-</span> <span class='ocrx_word' id='word_1_96' title='bbox 1342 1027 1382 1066; x_wconf 85' lang='lat' dir='ltr'>et</span> <span class='ocrx_word' id='word_1_97' title='bbox 1415 1025 1698 1080; x_wconf 84' lang='lat' dir='ltr'>habitauit</span> <span class='ocrx_word' id='word_1_98' title='bbox 1730 1025 1780 1065; x_wconf 89' lang='lat' dir='ltr'>in</span> 
     </span>
     <span class='ocr_line' id='line_1_14' title="bbox 256 1097 426 1138; baseline 0.006 -1"><span class='ocrx_word' id='word_1_99' title='bbox 256 1097 426 1138; x_wconf 68' lang='lat' dir='ltr'>nobis</span> 
     </span>
    </p>

    <p class='ocr_par' dir='ltr' id='par_1_4' title="bbox 252 1167 1843 2005">
     <span class='ocr_line' id='line_1_15' title="bbox 314 1167 1781 1219; baseline -0.001 -11"><span class='ocrx_word' id='word_1_100' title='bbox 314 1168 432 1209; x_wconf 86' lang='lat' dir='ltr'>Unde</span> <span class='ocrx_word' id='word_1_101' title='bbox 472 1180 546 1208; x_wconf 88' lang='lat' dir='ltr'>nec</span> <span class='ocrx_word' id='word_1_102' title='bbox 591 1167 701 1208; x_wconf 83' lang='lat' dir='ltr'>illud</span> <span class='ocrx_word' id='word_1_103' title='bbox 745 1169 785 1208; x_wconf 86' lang='lat' dir='ltr'>te</span> <span class='ocrx_word' id='word_1_104' title='bbox 831 1169 1012 1218; x_wconf 81' lang='lat' dir='ltr'>moueat‚</span> <span class='ocrx_word' id='word_1_105' title='bbox 1061 1167 1172 1219; x_wconf 88' lang='lat' dir='ltr'>quod</span> <span class='ocrx_word' id='word_1_106' title='bbox 1221 1167 1271 1208; x_wconf 86' lang='lat' dir='ltr'>de</span> <span class='ocrx_word' id='word_1_107' title='bbox 1317 1167 1482 1208; x_wconf 83' lang='lat' dir='ltr'>ludaeis</span> <span class='ocrx_word' id='word_1_108' title='bbox 1530 1167 1640 1207; x_wconf 87' lang='lat' dir='ltr'>idem</span> <span class='ocrx_word' id='word_1_109' title='bbox 1686 1180 1781 1219; x_wconf 86' lang='lat' dir='ltr'>apo-</span> 
     </span>
     <span class='ocr_line' id='line_1_16' title="bbox 255 1237 1781 1292; baseline -0.001 -12"><span class='ocrx_word' id='word_1_110' title='bbox 255 1240 389 1281; x_wconf 86' lang='lat' dir='ltr'>stolus</span> <span class='ocrx_word' id='word_1_111' title='bbox 425 1239 543 1280; x_wconf 89' lang='lat' dir='ltr'>dicit:</span> <span class='ocrx_word' id='word_1_112' title='bbox 581 1238 880 1280; x_wconf 83' lang='lat' dir='ltr'>Secundum</span> <span class='ocrx_word' id='word_1_113' title='bbox 916 1238 1259 1292; x_wconf 80' lang='lat' dir='ltr'>euangelium</span> <span class='ocrx_word' id='word_1_114' title='bbox 1306 1238 1520 1291; x_wconf 87' lang='lat' dir='ltr'>quidem</span> <span class='ocrx_word' id='word_1_115' title='bbox 1565 1237 1781 1278; x_wconf 87' lang='lat' dir='ltr'>inimici</span> 
     </span>
     <span class='ocr_line' id='line_1_17' title="bbox 252 1309 1842 1364; baseline -0.001 -13"><span class='ocrx_word' id='word_1_116' title='bbox 252 1313 474 1364; x_wconf 85' lang='lat' dir='ltr'>propter</span> <span class='ocrx_word' id='word_1_117' title='bbox 518 1323 627 1352; x_wconf 90' lang='lat' dir='ltr'>uos.</span> <span class='ocrx_word' id='word_1_118' title='bbox 669 1310 963 1351; x_wconf 83' lang='lat' dir='ltr'>secundum</span> <span class='ocrx_word' id='word_1_119' title='bbox 1004 1310 1329 1351; x_wconf 87' lang='lat' dir='ltr'>electionem</span> <span class='ocrx_word' id='word_1_120' title='bbox 1370 1312 1547 1351; x_wconf 87' lang='lat' dir='ltr'>autem</span> <span class='ocrx_word' id='word_1_121' title='bbox 1582 1309 1781 1350; x_wconf 88' lang='lat' dir='ltr'>dilecti</span> <span class='ocrx_word' id='word_1_122' title='bbox 1810 1321 1842 1346; x_wconf 81' lang='lat'>15</span> 
     </span>
     <span class='ocr_line' id='line_1_18' title="bbox 254 1381 1781 1435; baseline -0.001 -13"><span class='ocrx_word' id='word_1_123' title='bbox 254 1384 475 1435; x_wconf 86' lang='lat' dir='ltr'>propter</span> <span class='ocrx_word' id='word_1_124' title='bbox 532 1385 727 1435; x_wconf 86' lang='lat' dir='ltr'>patres.</span> <span class='ocrx_word' id='word_1_125' title='bbox 798 1381 1039 1422; x_wconf 78' lang='lat' dir='ltr'>altitudo</span> <span class='ocrx_word' id='word_1_126' title='bbox 1105 1382 1258 1435; x_wconf 87' lang='lat' dir='ltr'>quippe</span> <span class='ocrx_word' id='word_1_127' title='bbox 1316 1381 1390 1422; x_wconf 87' lang='lat' dir='ltr'>illa</span> <span class='ocrx_word' id='word_1_128' title='bbox 1454 1381 1781 1422; x_wconf 87' lang='lat' dir='ltr'>diuitiarum</span> 
     </span>
     <span class='ocr_line' id='line_1_19' title="bbox 256 1452 1783 1506; baseline -0.001 -12"><span class='ocrx_word' id='word_1_129' title='bbox 256 1453 567 1506; x_wconf 84' lang='lat' dir='ltr'>sapientiae</span> <span class='ocrx_word' id='word_1_130' title='bbox 620 1455 670 1494; x_wconf 87' lang='lat' dir='ltr'>et</span> <span class='ocrx_word' id='word_1_131' title='bbox 722 1453 993 1494; x_wconf 74' lang='lat' dir='ltr'>scientiae</span> <span class='ocrx_word' id='word_1_132' title='bbox 1039 1453 1123 1494; x_wconf 87' lang='lat' dir='ltr'>dei</span> <span class='ocrx_word' id='word_1_133' title='bbox 1170 1456 1210 1494; x_wconf 89' lang='lat' dir='ltr'>et</span> <span class='ocrx_word' id='word_1_134' title='bbox 1260 1453 1334 1494; x_wconf 86' lang='lat' dir='ltr'>illa</span> <span class='ocrx_word' id='word_1_135' title='bbox 1385 1452 1783 1494; x_wconf 83' lang='lat' dir='ltr'>inscrutabilia</span> 
     </span>
     <span class='ocr_line' id='line_1_20' title="bbox 253 1524 1783 1578; baseline -0.001 -13"><span class='ocrx_word' id='word_1_136' title='bbox 253 1524 463 1566; x_wconf 86' lang='lat' dir='ltr'>iudicia</span> <span class='ocrx_word' id='word_1_137' title='bbox 498 1525 616 1565; x_wconf 89' lang='lat' dir='ltr'>eius</span> <span class='ocrx_word' id='word_1_138' title='bbox 651 1526 701 1565; x_wconf 86' lang='lat' dir='ltr'>et</span> <span class='ocrx_word' id='word_1_139' title='bbox 733 1524 1171 1578; x_wconf 81' lang='lat' dir='ltr'>inuestigabiles</span> <span class='ocrx_word' id='word_1_140' title='bbox 1217 1525 1339 1565; x_wconf 88' lang='lat' dir='ltr'>uiae</span> <span class='ocrx_word' id='word_1_141' title='bbox 1386 1525 1504 1566; x_wconf 91' lang='lat' dir='ltr'>eius</span> <span class='ocrx_word' id='word_1_142' title='bbox 1545 1525 1651 1565; x_wconf 85' lang='lat' dir='ltr'>hanc</span> <span class='ocrx_word' id='word_1_143' title='bbox 1684 1524 1783 1565; x_wconf 84' lang='lat' dir='ltr'>fide-</span> 
     </span>
     <span class='ocr_line' id='line_1_21' title="bbox 253 1595 1782 1650; baseline 0.001 -14"><span class='ocrx_word' id='word_1_144' title='bbox 253 1596 366 1636; x_wconf 83' lang='lat' dir='ltr'>libus</span> <span class='ocrx_word' id='word_1_145' title='bbox 401 1595 598 1636; x_wconf 80' lang='lat' dir='ltr'>cordibus</span> <span class='ocrx_word' id='word_1_146' title='bbox 633 1609 830 1650; x_wconf 82' lang='lat' dir='ltr'>magnam</span> <span class='ocrx_word' id='word_1_147' title='bbox 863 1595 1062 1649; x_wconf 81' lang='lat' dir='ltr'>ingerunt</span> <span class='ocrx_word' id='word_1_148' title='bbox 1101 1596 1435 1645; x_wconf 67' lang='lat' dir='ltr'>admirationem,</span> <span class='ocrx_word' id='word_1_149' title='bbox 1472 1596 1540 1648; x_wconf 88' lang='lat' dir='ltr'>qui</span> <span class='ocrx_word' id='word_1_150' title='bbox 1578 1595 1626 1636; x_wconf 87' lang='lat' dir='ltr'>de</span> <span class='ocrx_word' id='word_1_151' title='bbox 1664 1595 1782 1637; x_wconf 88' lang='lat' dir='ltr'>illius</span> 
     </span>
     <span class='ocr_line' id='line_1_22' title="bbox 255 1666 1843 1720; baseline 0 -13"><span class='ocrx_word' id='word_1_152' title='bbox 255 1666 462 1720; x_wconf 81' lang='lat' dir='ltr'>sapientia</span> <span class='ocrx_word' id='word_1_153' title='bbox 486 1667 761 1719; x_wconf 85' lang='lat' dir='ltr'>pertendente</span> <span class='ocrx_word' id='word_1_154' title='bbox 796 1679 817 1707; x_wconf 87' lang='lat' dir='ltr'>a</span> <span class='ocrx_word' id='word_1_155' title='bbox 850 1666 960 1707; x_wconf 86' lang='lat' dir='ltr'>fine</span> <span class='ocrx_word' id='word_1_156' title='bbox 994 1679 1163 1718; x_wconf 87' lang='lat' dir='ltr'>usque</span> <span class='ocrx_word' id='word_1_157' title='bbox 1196 1667 1245 1707; x_wconf 91' lang='lat' dir='ltr'>in</span> <span class='ocrx_word' id='word_1_158' title='bbox 1278 1666 1440 1708; x_wconf 81' lang='lat' dir='ltr'>finem</span> <span class='ocrx_word' id='word_1_159' title='bbox 1476 1667 1701 1707; x_wconf 85' lang='lat' dir='ltr'>fortiter</span> <span class='ocrx_word' id='word_1_160' title='bbox 1734 1670 1783 1707; x_wconf 90' lang='lat' dir='ltr'>et</span> <span class='ocrx_word' id='word_1_161' title='bbox 1809 1677 1843 1701; x_wconf 85' lang='lat'>20</span> 
     </span>
     <span class='ocr_line' id='line_1_23' title="bbox 256 1737 1784 1791; baseline -0.001 -12"><span class='ocrx_word' id='word_1_162' title='bbox 256 1738 429 1779; x_wconf 87' lang='lat' dir='ltr'>omnia</span> <span class='ocrx_word' id='word_1_163' title='bbox 463 1738 712 1778; x_wconf 83' lang='lat' dir='ltr'>suauiter</span> <span class='ocrx_word' id='word_1_164' title='bbox 746 1737 995 1790; x_wconf 85' lang='lat' dir='ltr'>disponente</span> <span class='ocrx_word' id='word_1_165' title='bbox 1029 1751 1107 1779; x_wconf 84' lang='lat' dir='ltr'>non</span> <span class='ocrx_word' id='word_1_166' title='bbox 1150 1738 1361 1786; x_wconf 73' lang='lat' dir='ltr'>dubitant,</span> <span class='ocrx_word' id='word_1_167' title='bbox 1409 1738 1510 1791; x_wconf 87' lang='lat' dir='ltr'>quid</span> <span class='ocrx_word' id='word_1_168' title='bbox 1556 1737 1623 1779; x_wconf 88' lang='lat' dir='ltr'>sit.</span> <span class='ocrx_word' id='word_1_169' title='bbox 1672 1737 1784 1791; x_wconf 88' lang='lat' dir='ltr'>quod</span> 
     </span>
     <span class='ocr_line' id='line_1_24' title="bbox 255 1809 1783 1861; baseline 0 -12"><span class='ocrx_word' id='word_1_170' title='bbox 255 1809 291 1849; x_wconf 89' lang='lat' dir='ltr'>ei</span> <span class='ocrx_word' id='word_1_171' title='bbox 323 1809 477 1861; x_wconf 71' lang='lat' dir='ltr'>placet,</span> <span class='ocrx_word' id='word_1_172' title='bbox 511 1810 560 1850; x_wconf 90' lang='lat' dir='ltr'>ut</span> <span class='ocrx_word' id='word_1_173' title='bbox 591 1811 830 1858; x_wconf 63' lang='lat' dir='ltr'>nascantur,</span> <span class='ocrx_word' id='word_1_174' title='bbox 866 1810 1054 1849; x_wconf 81' lang='lat' dir='ltr'>crescant</span> <span class='ocrx_word' id='word_1_175' title='bbox 1099 1821 1145 1849; x_wconf 89' lang='lat' dir='ltr'>ac</span> <span class='ocrx_word' id='word_1_176' title='bbox 1190 1809 1530 1861; x_wconf 83' lang='lat' dir='ltr'>multiplicentur</span> <span class='ocrx_word' id='word_1_177' title='bbox 1574 1809 1630 1858; x_wconf 82' lang='lat' dir='ltr'>hi,</span> <span class='ocrx_word' id='word_1_178' title='bbox 1678 1821 1783 1861; x_wconf 84' lang='lat' dir='ltr'>quos</span> 
     </span>
     <span class='ocr_line' id='line_1_25' title="bbox 255 1880 1781 1933; baseline 0 -12"><span class='ocrx_word' id='word_1_179' title='bbox 255 1881 335 1921; x_wconf 88' lang='lat' dir='ltr'>etsi</span> <span class='ocrx_word' id='word_1_180' title='bbox 364 1880 496 1921; x_wconf 83' lang='lat' dir='ltr'>malos</span> <span class='ocrx_word' id='word_1_181' title='bbox 529 1881 621 1933; x_wconf 88' lang='lat' dir='ltr'>ipse</span> <span class='ocrx_word' id='word_1_182' title='bbox 648 1893 728 1921; x_wconf 89' lang='lat' dir='ltr'>non</span> <span class='ocrx_word' id='word_1_183' title='bbox 761 1880 875 1930; x_wconf 85' lang='lat' dir='ltr'>fecit,</span> <span class='ocrx_word' id='word_1_184' title='bbox 897 1883 1036 1920; x_wconf 83' lang='lat' dir='ltr'>tamen</span> <span class='ocrx_word' id='word_1_185' title='bbox 1064 1880 1198 1921; x_wconf 86' lang='lat' dir='ltr'>malos</span> <span class='ocrx_word' id='word_1_186' title='bbox 1226 1881 1391 1921; x_wconf 83' lang='lat' dir='ltr'>futuros</span> <span class='ocrx_word' id='word_1_187' title='bbox 1420 1893 1512 1921; x_wconf 85' lang='lat' dir='ltr'>esse</span> <span class='ocrx_word' id='word_1_188' title='bbox 1540 1880 1781 1933; x_wconf 83' lang='lat' dir='ltr'>praesciuit.</span> 
     </span>
     <span class='ocr_line' id='line_1_26' title="bbox 253 1951 1782 2005; baseline 0 -13"><span class='ocrx_word' id='word_1_189' title='bbox 253 1951 377 1992; x_wconf 86' lang='lat' dir='ltr'>nimis</span> <span class='ocrx_word' id='word_1_190' title='bbox 424 1951 535 1992; x_wconf 88' lang='lat' dir='ltr'>enim</span> <span class='ocrx_word' id='word_1_191' title='bbox 581 1951 805 1993; x_wconf 89' lang='lat' dir='ltr'>consilium</span> <span class='ocrx_word' id='word_1_192' title='bbox 852 1951 942 1992; x_wconf 87' lang='lat' dir='ltr'>eius</span> <span class='ocrx_word' id='word_1_193' title='bbox 987 1951 1028 1992; x_wconf 91' lang='lat' dir='ltr'>in</span> <span class='ocrx_word' id='word_1_194' title='bbox 1076 1952 1218 1992; x_wconf 84' lang='lat' dir='ltr'>abdito</span> <span class='ocrx_word' id='word_1_195' title='bbox 1261 1954 1336 2003; x_wconf 81' lang='lat' dir='ltr'>est,</span> <span class='ocrx_word' id='word_1_196' title='bbox 1375 1964 1456 2005; x_wconf 87' lang='lat' dir='ltr'>quo</span> <span class='ocrx_word' id='word_1_197' title='bbox 1499 1951 1626 1992; x_wconf 87' lang='lat' dir='ltr'>etiam</span> <span class='ocrx_word' id='word_1_198' title='bbox 1659 1951 1782 1992; x_wconf 87' lang='lat' dir='ltr'>malis</span> 
     </span>
    </p>
   </div>
   <div class='ocr_carea' id='block_1_4' title="bbox 257 2069 1782 2172">
    <p class='ocr_par' dir='ltr' id='par_1_5' title="bbox 257 2069 1782 2172">
     <span class='ocr_line' id='line_1_27' title="bbox 374 2069 1782 2111; baseline -0.001 -8"><span class='ocrx_word' id='word_1_199' title='bbox 374 2069 409 2109; x_wconf 88' lang='lat'>1;</span> <span class='ocrx_word' id='word_1_200' title='bbox 440 2069 459 2102; x_wconf 79' lang='lat'>(3</span> <span class='ocrx_word' id='word_1_201' title='bbox 487 2069 504 2102; x_wconf 90' lang='grc' dir='ltr'>Ι</span> <span class='ocrx_word' id='word_1_202' title='bbox 530 2069 620 2103; x_wconf 89' lang='lat' dir='ltr'>Tim.</span> <span class='ocrx_word' id='word_1_203' title='bbox 647 2070 679 2110; x_wconf 75' lang='lat'>2,</span> <span class='ocrx_word' id='word_1_204' title='bbox 707 2070 799 2103; x_wconf 62' lang='lat' dir='ltr'>3—ss</span> <span class='ocrx_word' id='word_1_205' title='bbox 864 2069 903 2103; x_wconf 95' lang='grc'>11</span> <span class='ocrx_word' id='word_1_206' title='bbox 934 2069 1011 2103; x_wconf 89' lang='lat' dir='ltr'>Ioh.</span> <span class='ocrx_word' id='word_1_207' title='bbox 1041 2070 1072 2111; x_wconf 68' lang='grc'>1,</span> <span class='ocrx_word' id='word_1_208' title='bbox 1101 2069 1144 2103; x_wconf 75' lang='lat'>14</span> <span class='ocrx_word' id='word_1_209' title='bbox 1215 2070 1256 2102; x_wconf 76' lang='lat'>14</span> <span class='ocrx_word' id='word_1_210' title='bbox 1283 2069 1382 2102; x_wconf 76' lang='lat' dir='ltr'>Rom.</span> <span class='ocrx_word' id='word_1_211' title='bbox 1413 2069 1467 2107; x_wconf 82' lang='grc'>11,</span> <span class='ocrx_word' id='word_1_212' title='bbox 1496 2069 1540 2102; x_wconf 75' lang='lat'>‘28</span> <span class='ocrx_word' id='word_1_213' title='bbox 1612 2069 1654 2103; x_wconf 82' lang='grc'>16</span> <span class='ocrx_word' id='word_1_214' title='bbox 1681 2069 1782 2102; x_wconf 84' lang='lat' dir='ltr'>Rom.</span> 
     </span>
     <span class='ocr_line' id='line_1_28' title="bbox 257 2128 1151 2172; baseline 0 -10"><span class='ocrx_word' id='word_1_215' title='bbox 257 2128 309 2163; x_wconf 93' lang='lat'>11.</span> <span class='ocrx_word' id='word_1_216' title='bbox 338 2128 381 2162; x_wconf 82' lang='lat'>33</span> <span class='ocrx_word' id='word_1_217' title='bbox 457 2129 502 2162; x_wconf 73' lang='lat'>20</span> <span class='ocrx_word' id='word_1_218' title='bbox 530 2128 612 2172; x_wconf 82' lang='lat' dir='ltr'>Sap.</span> <span class='ocrx_word' id='word_1_219' title='bbox 633 2129 665 2172; x_wconf 80' lang='lat'>8,</span> <span class='ocrx_word' id='word_1_220' title='bbox 690 2129 704 2162; x_wconf 92' lang='lat'>1</span> <span class='ocrx_word' id='word_1_221' title='bbox 783 2129 828 2162; x_wconf 78' lang='lat'>22</span> <span class='ocrx_word' id='word_1_222' title='bbox 856 2128 945 2163; x_wconf 87' lang='lat' dir='ltr'>Gen.</span> <span class='ocrx_word' id='word_1_223' title='bbox 977 2129 1006 2169; x_wconf 82' lang='grc'>1,</span> <span class='ocrx_word' id='word_1_224' title='bbox 1035 2129 1079 2163; x_wconf 71' lang='grc'>28</span> <span class='ocrx_word' id='word_1_225' title='bbox 1107 2129 1151 2162; x_wconf 82' lang='lat' dir='ltr'>al.</span> 
     </span>
    </p>
   </div>
   <div class='ocr_carea' id='block_1_5' title="bbox 253 2198 1784 2361">
    <p class='ocr_par' dir='ltr' id='par_1_6' title="bbox 253 2198 1784 2361">
     <span class='ocr_line' id='line_1_29' title="bbox 304 2198 1783 2244; baseline -0.001 -12"><span class='ocrx_word' id='word_1_226' title='bbox 304 2199 319 2233; x_wconf 83' lang='lat'>1</span> <span class='ocrx_word' id='word_1_227' title='bbox 347 2198 479 2232; x_wconf 87' lang='lat' dir='ltr'>bonum</span> <span class='ocrx_word' id='word_1_228' title='bbox 509 2201 544 2232; x_wconf 86' lang='lat' dir='ltr'>et</span> <span class='ocrx_word' id='word_1_229' title='bbox 570 2202 756 2244; x_wconf 82' lang='lat' dir='ltr'>acceptum</span> <span class='ocrx_word' id='word_1_230' title='bbox 785 2201 839 2233; x_wconf 80' lang='lat' dir='ltr'>est</span> <span class='ocrx_word' id='word_1_231' title='bbox 866 2199 943 2233; x_wconf 78' lang='lat' dir='ltr'>edd.</span> <span class='ocrx_word' id='word_1_232' title='bbox 1074 2211 1190 2232; x_wconf 83' lang='lat' dir='ltr'>coram</span> <span class='ocrx_word' id='word_1_233' title='bbox 1220 2219 1248 2231; x_wconf 50' lang='lat' dir='ltr'>m</span> <span class='ocrx_word' id='word_1_234' title='bbox 1276 2199 1320 2233; x_wconf 81' lang='lat' dir='ltr'><em>H</em></span> <span class='ocrx_word' id='word_1_235' title='bbox 1438 2198 1481 2232; x_wconf 67' lang='lat' dir='ltr'>do</span> <span class='ocrx_word' id='word_1_236' title='bbox 1510 2199 1691 2232; x_wconf 85' lang='lat' dir='ltr'>saluatore</span> <span class='ocrx_word' id='word_1_237' title='bbox 1718 2202 1783 2231; x_wconf 65' lang='lat' dir='ltr'>nro</span> 
     </span>
     <span class='ocr_line' id='line_1_30' title="bbox 253 2258 1784 2303; baseline -0.001 -12"><span class='ocrx_word' id='word_1_238' title='bbox 253 2258 367 2302; x_wconf 67' lang='lat' dir='ltr'>siquis</span> <span class='ocrx_word' id='word_1_239' title='bbox 391 2268 482 2292; x_wconf 82' lang='lat' dir='ltr'>corr.</span> <span class='ocrx_word' id='word_1_240' title='bbox 516 2259 546 2291; x_wconf 88' lang='lat' dir='ltr'><em>V</em></span> <span class='ocrx_word' id='word_1_241' title='bbox 572 2258 751 2292; x_wconf 78' lang='lat' dir='ltr'>saluatore</span> <span class='ocrx_word' id='word_1_242' title='bbox 777 2262 899 2292; x_wconf 83' lang='lat' dir='ltr'>nostro</span> <span class='ocrx_word' id='word_1_243' title='bbox 928 2258 994 2292; x_wconf 85' lang='lat' dir='ltr'>deo</span> <span class='ocrx_word' id='word_1_244' title='bbox 1021 2258 1099 2293; x_wconf 76' lang='lat' dir='ltr'>edd.</span> <span class='ocrx_word' id='word_1_245' title='bbox 1127 2259 1221 2303; x_wconf 71' lang='lat' dir='ltr'>Euq.</span> <span class='ocrx_word' id='word_1_246' title='bbox 1247 2270 1313 2293; x_wconf 73' lang='lat' dir='ltr'>sec.</span> <span class='ocrx_word' id='word_1_247' title='bbox 1339 2269 1433 2292; x_wconf 72' lang='lat' dir='ltr'>sacr.</span> <span class='ocrx_word' id='word_1_248' title='bbox 1462 2258 1529 2292; x_wconf 60' lang='lat' dir='ltr'>litt.</span> <span class='ocrx_word' id='word_1_249' title='bbox 1605 2258 1784 2291; x_wconf 78' lang='lat' dir='ltr'>saluatore</span> 
     </span>
     <span class='ocr_line' id='line_1_31' title="bbox 254 2316 1782 2361; baseline -0.001 -11"><span class='ocrx_word' id='word_1_250' title='bbox 254 2328 296 2350; x_wconf 72' lang='lat' dir='ltr'>ex</span> <span class='ocrx_word' id='word_1_251' title='bbox 321 2317 494 2351; x_wconf 83' lang='lat' dir='ltr'>saluatori</span> <span class='ocrx_word' id='word_1_252' title='bbox 519 2318 660 2361; x_wconf 71' lang='lat' dir='ltr'>factum</span> <span class='ocrx_word' id='word_1_253' title='bbox 686 2317 762 2351; x_wconf 61' lang='lat' dir='ltr'>uid.</span> <span class='ocrx_word' id='word_1_254' title='bbox 783 2318 819 2351; x_wconf 88' lang='lat' dir='ltr'><em>P</em></span> <span class='ocrx_word' id='word_1_255' title='bbox 836 2318 1010 2351; x_wconf 84' lang='lat' dir='ltr'>saluatori</span> <span class='ocrx_word' id='word_1_256' title='bbox 1030 2318 1078 2351; x_wconf 82' lang='lat' dir='ltr'><strong><em>M</em></strong></span> <span class='ocrx_word' id='word_1_257' title='bbox 1101 2320 1158 2361; x_wconf 36' lang='lat' dir='ltr'>(ms.</span> <span class='ocrx_word' id='word_1_258' title='bbox 1181 2320 1205 2352; x_wconf 74' lang='lat'>:2</span> <span class='ocrx_word' id='word_1_259' title='bbox 1231 2318 1424 2361; x_wconf 83' lang='lat' dir='ltr'>saluatore)</span> <span class='ocrx_word' id='word_1_260' title='bbox 1445 2317 1480 2351; x_wconf 98' lang='lat' dir='ltr'><strong><em>A</em></strong></span> <span class='ocrx_word' id='word_1_261' title='bbox 1507 2317 1687 2361; x_wconf 69' lang='lat' dir='ltr'>Vzclssatae</span> <span class='ocrx_word' id='word_1_262' title='bbox 1707 2316 1782 2350; x_wconf 82' lang='lat' dir='ltr'>cod.</span> 
     </span>
    </p>
   </div>
   <div class='ocr_carea' id='block_1_6' title="bbox 253 2375 1784 2539">
    <p class='ocr_par' dir='ltr' id='par_1_7' title="bbox 253 2375 1784 2539">
     <span class='ocr_line' id='line_1_32' title="bbox 253 2375 1782 2421; baseline -0.001 -11"><span class='ocrx_word' id='word_1_263' title='bbox 253 2377 470 2411; x_wconf 34' lang='lat' dir='ltr'>*imiamins</span> <span class='ocrx_word' id='word_1_264' title='bbox 496 2381 528 2411; x_wconf 73' lang='lat' dir='ltr'>et</span> <span class='ocrx_word' id='word_1_265' title='bbox 552 2377 754 2411; x_wconf 66' lang='lat' dir='ltr'>Fuldensz&#39;s</span> <span class='ocrx_word' id='word_1_266' title='bbox 780 2379 837 2421; x_wconf 82' lang='lat' dir='ltr'>(m.</span> <span class='ocrx_word' id='word_1_267' title='bbox 866 2380 900 2420; x_wconf 74' lang='lat'>1)</span> <span class='ocrx_word' id='word_1_268' title='bbox 928 2377 1077 2411; x_wconf 84' lang='lat' dir='ltr'>salutari</span> <span class='ocrx_word' id='word_1_269' title='bbox 1102 2377 1188 2410; x_wconf 79' lang='grc' dir='ltr'>ΗΚ</span> <span class='ocrx_word' id='word_1_270' title='bbox 1318 2378 1337 2410; x_wconf 78' lang='lat'>3</span> <span class='ocrx_word' id='word_1_271' title='bbox 1365 2377 1415 2421; x_wconf 78' lang='lat' dir='ltr'>in]</span> <span class='ocrx_word' id='word_1_272' title='bbox 1446 2376 1489 2410; x_wconf 81' lang='lat' dir='ltr'>ad</span> <span class='ocrx_word' id='word_1_273' title='bbox 1516 2376 1682 2420; x_wconf 69' lang='lat' dir='ltr'>Euyippi</span> <span class='ocrx_word' id='word_1_274' title='bbox 1708 2375 1782 2409; x_wconf 79' lang='lat' dir='ltr'>cod.</span> 
     </span>
     <span class='ocr_line' id='line_1_33' title="bbox 260 2434 1784 2480; baseline -0.001 -11"><span class='ocrx_word' id='word_1_275' title='bbox 260 2436 342 2469; x_wconf 75' lang='lat' dir='ltr'>Vat.</span> <span class='ocrx_word' id='word_1_276' title='bbox 369 2446 435 2471; x_wconf 81' lang='lat' dir='ltr'>sec.</span> <span class='ocrx_word' id='word_1_277' title='bbox 470 2436 572 2480; x_wconf 69' lang='lat' dir='ltr'>Vulsj.</span> <span class='ocrx_word' id='word_1_278' title='bbox 647 2437 669 2469; x_wconf 79' lang='lat'>4</span> <span class='ocrx_word' id='word_1_279' title='bbox 695 2436 788 2469; x_wconf 87' lang='lat' dir='ltr'>bono</span> <span class='ocrx_word' id='word_1_280' title='bbox 816 2436 860 2469; x_wconf 99' lang='lat' dir='ltr'><em>H</em></span> <span class='ocrx_word' id='word_1_281' title='bbox 930 2447 994 2470; x_wconf 86' lang='lat' dir='ltr'>con</span> <span class='ocrx_word' id='word_1_282' title='bbox 1014 2471 1015 2478; x_wconf 13' lang='grc' dir='ltr'>χ</span> <span class='ocrx_word' id='word_1_283' title='bbox 1035 2463 1042 2475; x_wconf 88' lang='grc'>,</span> <span class='ocrx_word' id='word_1_284' title='bbox 1070 2447 1115 2469; x_wconf 82' lang='lat' dir='ltr'>m.</span> <span class='ocrx_word' id='word_1_285' title='bbox 1144 2438 1169 2470; x_wconf 72' lang='lat'><em>2</em></span> <span class='ocrx_word' id='word_1_286' title='bbox 1196 2436 1281 2469; x_wconf 64' lang='lat' dir='ltr'>fuld.</span> <span class='ocrx_word' id='word_1_287' title='bbox 1310 2436 1475 2469; x_wconf 77' lang='lat' dir='ltr'>usatione</span> <span class='ocrx_word' id='word_1_288' title='bbox 1501 2435 1550 2468; x_wconf 80' lang='lat' dir='ltr'><em>M</em></span> <span class='ocrx_word' id='word_1_289' title='bbox 1620 2436 1640 2469; x_wconf 82' lang='grc'>6</span> <span class='ocrx_word' id='word_1_290' title='bbox 1666 2434 1784 2478; x_wconf 82' lang='lat' dir='ltr'>inquit</span> 
     </span>
     <span class='ocr_line' id='line_1_34' title="bbox 255 2493 1780 2539; baseline -0.001 -11"><span class='ocrx_word' id='word_1_291' title='bbox 255 2495 341 2528; x_wconf 78' lang='lat' dir='ltr'>deus</span> <span class='ocrx_word' id='word_1_292' title='bbox 368 2496 402 2528; x_wconf 78' lang='lat' dir='ltr'><strong><em>A</em></strong></span> <span class='ocrx_word' id='word_1_293' title='bbox 524 2495 544 2528; x_wconf 85' lang='lat'>8</span> <span class='ocrx_word' id='word_1_294' title='bbox 573 2494 653 2528; x_wconf 84' lang='lat' dir='ltr'>uult-</span> <span class='ocrx_word' id='word_1_295' title='bbox 677 2506 705 2528; x_wconf 82' lang='lat' dir='ltr'>s.</span> <span class='ocrx_word' id='word_1_296' title='bbox 731 2506 766 2528; x_wconf 79' lang='lat' dir='ltr'>u.</span> <span class='ocrx_word' id='word_1_297' title='bbox 794 2506 837 2528; x_wconf 66' lang='lat' dir='ltr'>m,</span> <span class='ocrx_word' id='word_1_298' title='bbox 865 2498 884 2528; x_wconf 86' lang='lat'><strong><em>1</em></strong></span> <span class='ocrx_word' id='word_1_299' title='bbox 917 2495 949 2528; x_wconf 89' lang='lat' dir='ltr'><strong><em>V</em></strong></span> <span class='ocrx_word' id='word_1_300' title='bbox 1063 2495 1183 2529; x_wconf 82' lang='lat' dir='ltr'>saluus</span> <span class='ocrx_word' id='word_1_301' title='bbox 1210 2495 1254 2528; x_wconf 87' lang='lat' dir='ltr'><em>H</em></span> <span class='ocrx_word' id='word_1_302' title='bbox 1371 2496 1391 2528; x_wconf 76' lang='lat'><strong>9</strong></span> <span class='ocrx_word' id='word_1_303' title='bbox 1419 2495 1516 2539; x_wconf 66' lang='lat' dir='ltr'>piari</span> <span class='ocrx_word' id='word_1_304' title='bbox 1542 2494 1585 2528; x_wconf 83' lang='lat' dir='ltr'><strong><em>K</em></strong></span> <span class='ocrx_word' id='word_1_305' title='bbox 1695 2493 1780 2535; x_wconf 79' lang='lat' dir='ltr'>non]</span> 
     </span>
    </p>
   </div>
   <div class='ocr_carea' id='block_1_7' title="bbox 253 2550 1787 2834">
    <p class='ocr_par' dir='ltr' id='par_1_8' title="bbox 253 2550 1787 2834">
     <span class='ocr_line' id='line_1_35' title="bbox 254 2550 1787 2588; baseline -0.001 -2"><span class='ocrx_word' id='word_1_306' title='bbox 254 2556 414 2587; x_wconf 87' lang='lat' dir='ltr'>nostrum</span> <span class='ocrx_word' id='word_1_307' title='bbox 442 2553 486 2586; x_wconf 83' lang='lat' dir='ltr'><em>H</em></span> <span class='ocrx_word' id='word_1_308' title='bbox 558 2553 600 2587; x_wconf 92' lang='lat'>10</span> <span class='ocrx_word' id='word_1_309' title='bbox 626 2554 774 2587; x_wconf 72' lang='lat' dir='ltr'>uerbum</span> <span class='ocrx_word' id='word_1_310' title='bbox 802 2557 879 2587; x_wconf 87' lang='lat' dir='ltr'>erat</span> <span class='ocrx_word' id='word_1_311' title='bbox 905 2554 983 2588; x_wconf 74' lang='lat' dir='ltr'>edd.</span> <span class='ocrx_word' id='word_1_312' title='bbox 1060 2555 1099 2587; x_wconf 94' lang='lat'>11</span> <span class='ocrx_word' id='word_1_313' title='bbox 1129 2554 1312 2587; x_wconf 81' lang='lat' dir='ltr'>habitabit</span> <span class='ocrx_word' id='word_1_314' title='bbox 1338 2553 1380 2587; x_wconf 90' lang='lat' dir='ltr'><em>H</em></span> <span class='ocrx_word' id='word_1_315' title='bbox 1448 2554 1489 2587; x_wconf 83' lang='lat'>13</span> <span class='ocrx_word' id='word_1_316' title='bbox 1515 2554 1660 2587; x_wconf 85' lang='lat' dir='ltr'>moueat</span> <span class='ocrx_word' id='word_1_317' title='bbox 1686 2554 1721 2585; x_wconf 86' lang='lat' dir='ltr'>te</span> <span class='ocrx_word' id='word_1_318' title='bbox 1740 2550 1787 2584; x_wconf 83' lang='lat' dir='ltr'><strong><em>M</em></strong></span> 
     </span>
     <span class='ocr_line' id='line_1_36' title="bbox 255 2612 1781 2657; baseline -0.002 -11"><span class='ocrx_word' id='word_1_319' title='bbox 255 2612 333 2646; x_wconf 72' lang='lat' dir='ltr'>edd.</span> <span class='ocrx_word' id='word_1_320' title='bbox 433 2613 477 2646; x_wconf 82' lang='lat'>14</span> <span class='ocrx_word' id='word_1_321' title='bbox 504 2612 555 2646; x_wconf 83' lang='lat' dir='ltr'>ait</span> <span class='ocrx_word' id='word_1_322' title='bbox 588 2612 620 2646; x_wconf 93' lang='lat' dir='ltr'><em>V</em></span> <span class='ocrx_word' id='word_1_323' title='bbox 643 2613 721 2646; x_wconf 80' lang='lat' dir='ltr'>edd.</span> <span class='ocrx_word' id='word_1_324' title='bbox 827 2613 946 2647; x_wconf 75' lang='lat' dir='ltr'>secdin</span> <span class='ocrx_word' id='word_1_325' title='bbox 975 2615 1006 2655; x_wconf 90' lang='lat' dir='ltr'>(c</span> <span class='ocrx_word' id='word_1_326' title='bbox 1032 2624 1058 2648; x_wconf 79' lang='lat'>8.</span> <span class='ocrx_word' id='word_1_327' title='bbox 1086 2624 1121 2646; x_wconf 77' lang='lat' dir='ltr'>u.</span> <span class='ocrx_word' id='word_1_328' title='bbox 1150 2624 1193 2647; x_wconf 82' lang='lat' dir='ltr'>m.</span> <span class='ocrx_word' id='word_1_329' title='bbox 1220 2615 1252 2655; x_wconf 81' lang='lat'>1)</span> <span class='ocrx_word' id='word_1_330' title='bbox 1287 2613 1318 2646; x_wconf 88' lang='lat' dir='ltr'><em>V</em></span> <span class='ocrx_word' id='word_1_331' title='bbox 1418 2613 1459 2646; x_wconf 80' lang='lat'>16</span> <span class='ocrx_word' id='word_1_332' title='bbox 1487 2616 1607 2657; x_wconf 76' lang='lat' dir='ltr'>patres</span> <span class='ocrx_word' id='word_1_333' title='bbox 1635 2613 1667 2655; x_wconf 86' lang='lat' dir='ltr'>(e</span> <span class='ocrx_word' id='word_1_334' title='bbox 1693 2622 1718 2644; x_wconf 73' lang='lat' dir='ltr'>s.</span> <span class='ocrx_word' id='word_1_335' title='bbox 1746 2621 1781 2643; x_wconf 73' lang='lat' dir='ltr'>u.</span> 
     </span>
     <span class='ocr_line' id='line_1_37' title="bbox 255 2671 1781 2717; baseline -0.002 -12"><span class='ocrx_word' id='word_1_336' title='bbox 255 2683 298 2707; x_wconf 79' lang='lat' dir='ltr'>m.</span> <span class='ocrx_word' id='word_1_337' title='bbox 325 2674 357 2713; x_wconf 78' lang='lat'>1&gt;</span> <span class='ocrx_word' id='word_1_338' title='bbox 392 2671 426 2705; x_wconf 93' lang='lat' dir='ltr'><em>V</em></span> <span class='ocrx_word' id='word_1_339' title='bbox 510 2672 552 2705; x_wconf 90' lang='lat'>18</span> <span class='ocrx_word' id='word_1_340' title='bbox 579 2671 647 2706; x_wconf 86' lang='lat' dir='ltr'>hoo</span> <span class='ocrx_word' id='word_1_341' title='bbox 673 2671 720 2705; x_wconf 83' lang='lat' dir='ltr'><strong><em>M</em></strong></span> <span class='ocrx_word' id='word_1_342' title='bbox 806 2673 848 2706; x_wconf 77' lang='lat'>19</span> <span class='ocrx_word' id='word_1_343' title='bbox 877 2672 960 2716; x_wconf 84' lang='lat' dir='ltr'>quid</span> <span class='ocrx_word' id='word_1_344' title='bbox 987 2672 1029 2705; x_wconf 89' lang='grc' dir='ltr'><em>Κ</em></span> <span class='ocrx_word' id='word_1_345' title='bbox 1054 2683 1121 2717; x_wconf 55' lang='lat' dir='ltr'>qu(¹</span> <span class='ocrx_word' id='word_1_346' title='bbox 1148 2673 1183 2705; x_wconf 80' lang='lat' dir='ltr'><strong><em>A</em></strong></span> <span class='ocrx_word' id='word_1_347' title='bbox 1269 2672 1314 2706; x_wconf 70' lang='lat'>‘20</span> <span class='ocrx_word' id='word_1_348' title='bbox 1342 2672 1541 2716; x_wconf 82' lang='lat' dir='ltr'>sapientiae</span> <span class='ocrx_word' id='word_1_349' title='bbox 1567 2671 1611 2704; x_wconf 89' lang='lat' dir='ltr'><em>H</em></span> <span class='ocrx_word' id='word_1_350' title='bbox 1703 2679 1781 2713; x_wconf 66' lang='lat' dir='ltr'>per-</span> 
     </span>
     <span class='ocr_line' id='line_1_38' title="bbox 253 2729 1781 2776; baseline -0.001 -12"><span class='ocrx_word' id='word_1_351' title='bbox 253 2730 383 2776; x_wconf 56' lang='lat' dir='ltr'>tende}</span> <span class='ocrx_word' id='word_1_352' title='bbox 413 2732 447 2764; x_wconf 89' lang='lat' dir='ltr'><strong><em>A</em></strong></span> <span class='ocrx_word' id='word_1_353' title='bbox 551 2732 603 2776; x_wconf 91' lang='lat' dir='ltr'>in]</span> <span class='ocrx_word' id='word_1_354' title='bbox 633 2731 687 2772; x_wconf 84' lang='lat' dir='ltr'>ad,</span> <span class='ocrx_word' id='word_1_355' title='bbox 715 2742 759 2765; x_wconf 85' lang='lat' dir='ltr'>m.</span> <span class='ocrx_word' id='word_1_356' title='bbox 787 2734 806 2764; x_wconf 86' lang='lat'><strong><em>1</em></strong></span> <span class='ocrx_word' id='word_1_357' title='bbox 833 2742 921 2767; x_wconf 79' lang='lat' dir='ltr'>corr.</span> <span class='ocrx_word' id='word_1_358' title='bbox 949 2733 985 2765; x_wconf 91' lang='lat' dir='ltr'>in</span> <span class='ocrx_word' id='word_1_359' title='bbox 1013 2731 1061 2764; x_wconf 82' lang='lat' dir='ltr'><em>M</em></span> <span class='ocrx_word' id='word_1_360' title='bbox 1085 2731 1129 2765; x_wconf 84' lang='lat' dir='ltr'>ad</span> <span class='ocrx_word' id='word_1_361' title='bbox 1156 2731 1235 2765; x_wconf 75' lang='lat' dir='ltr'>edd.</span> <span class='ocrx_word' id='word_1_362' title='bbox 1263 2742 1328 2765; x_wconf 73' lang='lat' dir='ltr'>sec.</span> <span class='ocrx_word' id='word_1_363' title='bbox 1363 2731 1466 2776; x_wconf 69' lang='lat' dir='ltr'>Vuly.</span> <span class='ocrx_word' id='word_1_364' title='bbox 1589 2730 1631 2763; x_wconf 81' lang='lat'>‘21</span> <span class='ocrx_word' id='word_1_365' title='bbox 1662 2729 1781 2773; x_wconf 80' lang='lat' dir='ltr'>dispo-</span> 
     </span>
     <span class='ocr_line' id='line_1_39' title="bbox 253 2790 1273 2834; baseline 0 -11"><span class='ocrx_word' id='word_1_366' title='bbox 253 2790 328 2823; x_wconf 88' lang='lat' dir='ltr'>nite</span> <span class='ocrx_word' id='word_1_367' title='bbox 354 2791 390 2823; x_wconf 88' lang='lat' dir='ltr'><strong><em>A</em></strong></span> <span class='ocrx_word' id='word_1_368' title='bbox 465 2791 509 2824; x_wconf 75' lang='lat'>222</span> <span class='ocrx_word' id='word_1_369' title='bbox 537 2791 569 2824; x_wconf 81' lang='lat' dir='ltr'>oi</span> <span class='ocrx_word' id='word_1_370' title='bbox 598 2790 623 2833; x_wconf 89' lang='lat' dir='ltr'>(i</span> <span class='ocrx_word' id='word_1_371' title='bbox 650 2801 693 2824; x_wconf 75' lang='lat' dir='ltr'>ex</span> <span class='ocrx_word' id='word_1_372' title='bbox 718 2794 808 2833; x_wconf 78' lang='lat' dir='ltr'>ras.)</span> <span class='ocrx_word' id='word_1_373' title='bbox 835 2792 869 2825; x_wconf 85' lang='lat' dir='ltr'><strong><em>A</em></strong></span> <span class='ocrx_word' id='word_1_374' title='bbox 962 2802 1019 2824; x_wconf 70' lang='lat' dir='ltr'>*ae</span> <span class='ocrx_word' id='word_1_375' title='bbox 1047 2791 1141 2834; x_wconf 69' lang='lat' dir='ltr'>&lt;ficit</span> <span class='ocrx_word' id='word_1_376' title='bbox 1167 2791 1202 2833; x_wconf 78' lang='lat' dir='ltr'>h)</span> <span class='ocrx_word' id='word_1_377' title='bbox 1229 2791 1273 2824; x_wconf 87' lang='lat' dir='ltr'><em>H</em></span> 
     </span>
    </p>
   </div>
  </div>
 </body>
</html>
