1952 3118
665 196 1016 241 epistularum
1058 196 1196 232 CLVII.
1614 201 1699 240 473

171 328 336 370 fuisset.
382 330 613 368 mereretur
657 329 699 367 et
742 326 831 379 ipse
876 327 1219 368 misericordiam.
1267 330 1307 369 et
1347 328 1381 369 si
1421 328 1593 382 pauperi
1639 328 1700 369 illi

172 398 366 439 meritum
403 401 515 439 esset
547 397 700 451 inopia.
741 409 821 438 non
854 397 1032 448 iustitia,
1073 410 1153 439 non
1193 398 1340 451 utique
1380 399 1429 439 ab
1469 399 1628 453 angelis
1661 399 1700 439 in

171 469 361 510 Abrahae
407 469 630 523 gremium.
679 468 746 521 qui
795 468 915 509 diues
960 468 1027 510 hie
1071 469 1221 517 fuerat,
1266 469 1498 510 tolleretur.
1544 469 1616 511 sed
1656 474 1702 510 ut

172 539 292 580 nobis
345 539 636 580 ostenderetur
685 551 758 580 nec
803 538 843 579 in
889 539 971 579 isto
1016 551 1091 592 per
1134 551 1178 580 se
1228 539 1362 592 ipsam
1412 542 1701 594 paupertatem

130 627 147 652 5
173 609 378 651 diuinitus
412 610 657 651 honoratam
691 622 765 650 nec
799 609 838 649 in
873 609 945 650 illo
979 609 1154 651 diuitias
1187 609 1320 650 fuisse
1359 610 1591 659 damnatas,
1631 610 1703 652 sed

172 681 211 721 in
245 681 326 722 isto
360 680 575 734 pietatem,
612 681 653 722 in
688 680 762 721 illo
795 680 1058 734 impietatem
1093 692 1192 721 suos
1227 680 1363 722 exitus
1397 681 1611 731 habuisse,
1644 682 1703 722 sic
1766 702 1768 704 >

174 752 362 806 suscepit
411 752 587 806 impium
640 751 815 792 diuitem
868 751 1079 792 cruciatus
1129 751 1254 805 ignis,
1306 754 1354 792 ut
1397 755 1536 793 tamen
1586 752 1703 805 pium

172 836 395 877 pauperem
443 823 676 876 susciperet
721 822 838 863 sinus
885 822 1045 863 diuitis.
1091 822 1161 875 qui
1206 835 1303 863 sane
1344 835 1439 863 cnm
1478 823 1546 864 hic
1585 822 1704 863 diues

173 894 348 943 uiueret,
395 894 565 935 diuitias
606 893 666 934 sic
711 893 893 934 habebat
932 895 974 934 et
1012 906 1081 934 eas
1120 905 1194 945 pro
1233 893 1299 934 dei
1344 893 1580 947 praeceptis
1618 897 1705 934 tam

112 974 144 1006 ἰο
172 966 291 1019 parui
326 966 546 1019 pendebat,
586 967 634 1007 ut
667 965 791 1006 etiam
832 965 968 1018 ipsius
1007 964 1296 1006 immolatione
1335 965 1467 1006 nollet
1499 964 1706 1006 offendere

174 1035 296 1077 deum
326 1036 553 1087 iubentem,
582 1048 706 1089 quem
736 1048 907 1076 suarum
929 1035 1174 1077 diuitiarum
1198 1038 1238 1077 et
1259 1036 1455 1089 sperabat
1472 1038 1514 1078 et
1535 1037 1706 1091 optabat

173 1107 379 1148 heredem.

60 1177 113 1219 24
233 1179 313 1220 Hic
365 1178 510 1231 utique
564 1179 710 1220 dicunt
758 1178 852 1219 ideo
903 1180 1043 1232 patres
1095 1178 1290 1231 antiquos
1341 1192 1420 1220 non
1466 1179 1708 1221 uendidisse

175 1250 326 1299 omnia,
374 1263 478 1303 quae
518 1250 741 1299 habebant,
788 1252 829 1291 et
867 1249 1035 1291 dedisse
1074 1249 1345 1304 pauperibus,
1393 1250 1491 1303 quia
1529 1251 1608 1292 hoc
1648 1251 1708 1291 eis

118 1334 255 1363 151101]
295 1323 562 1374 praeceperat
600 1321 809 1362 dominus.
852 1320 1035 1362 nondum
1075 1321 1183 1361 enim
1223 1321 1410 1362 reuelato
1450 1323 1704 1363 testamento

179 1405 299 1443 nouo,
343 1392 453 1446 quod
486 1405 565 1433 uon
599 1392 687 1433 fieri
721 1392 800 1433 nisi
835 1391 1095 1445 plenitudine
1127 1391 1330 1445 temporis
1365 1392 1599 1446 oportebat,
1634 1405 1708 1434 nec

178 1477 321 1505 eorum
356 1464 492 1505 uirtus
526 1464 663 1505 fuerat
694 1463 932 1513 reuelanda,
977 1476 1058 1516 qua
1096 1463 1253 1504 uirtute
1292 1464 1370 1505 hoc
1404 1476 1475 1504 eos
1508 1463 1709 1504 facillime

178 1547 300 1587 posse
341 1534 445 1576 deus
478 1535 516 1575 in
547 1548 687 1576 eorum
729 1534 925 1576 cordibus
964 1537 1150 1585 nouerat,
1189 1534 1260 1587 qui
1300 1534 1587 1576 testimonium
1621 1534 1706 1575 illis

177 1609 262 1646 tam
295 1605 461 1660 insigne
496 1605 754 1659 perhibebat,
787 1608 847 1655 ut,
881 1618 976 1646 cum
1004 1605 1060 1645 sit
1086 1605 1273 1646 omnium
1307 1608 1548 1646 sanctorum
1582 1608 1707 1658 atque

118 1692 151 1716 20
177 1676 384 1717 iustorum
431 1676 547 1725 deus,
598 1678 813 1729 tamquam
861 1676 910 1717 de
955 1676 1191 1729 praecipuis
1243 1676 1390 1717 amicis
1437 1676 1527 1717 suis
1572 1676 1708 1718 dicere

179 1746 440 1802 dignaretur:
487 1747 587 1801 Ego
635 1759 739 1787 suin
785 1746 906 1787 deus
951 1746 1195 1787 Abraham
1237 1749 1284 1788 et
1322 1746 1441 1788 deus
1481 1748 1622 1788 Isaac
1661 1753 1708 1788 et

178 1817 296 1858 deus
337 1817 508 1864 Iacob:
549 1818 641 1859 hoc
673 1817 793 1858 mihi
832 1830 1002 1859 nomen
1044 1820 1117 1859 est
1151 1818 1198 1858 in
1233 1820 1503 1859 aeternum.
1543 1820 1708 1871 postea-

178 1901 300 1942 quam
324 1901 422 1929 uero
444 1901 672 1943 magnum
694 1888 907 1941 pietatis
936 1892 1301 1930 sacramentum
1323 1889 1706 1930 manifestatum

178 1962 253 2000 est
283 1959 328 2000 in
365 1971 509 2000 carne
542 1963 584 2001 et
616 1960 816 2000 uocandis
850 1960 1044 2001 omnibus
1077 1960 1275 2014 gentibus
1310 1959 1465 2002 Christi
1499 1960 1706 2001 aduentus

296 2122 316 2154 S
344 2122 431 2155 Gen.
458 2121 514 2157 22.
545 2122 659 2155 1-10
784 2123 825 2156 16
854 2121 932 2156 Gal.
958 2123 991 2161 4,
1018 2123 1059 2162 4;
1086 2121 1177 2166 Eph.
1208 2122 1238 2159 1.
1268 2122 1309 2156 lo
1436 2123 1478 2156 21
1508 2121 1572 2156 Ex.
1600 2122 1634 2158 3.
1664 2124 1706 2156 17·

178 2181 222 2214 23
250 2180 264 2213 I
292 2180 381 2213 Tim.
409 2181 441 2216 3.
473 2181 515 2215 16

224 2264 246 2297 4
273 2267 522 2307 paupertatem
550 2274 612 2308 per
638 2275 675 2296 se
703 2263 816 2307 ipsam
850 2263 881 2296 Τ
904 2263 984 2297 edd.
1085 2264 1200 2308 ipsum
1231 2263 1293 2298 CO
1366 2264 1386 2297 (5
1414 2274 1497 2296 suus
1528 2263 1557 2297 O
1655 2263 1704 2296 >ic

180 2332 250 2357 ras,
277 2332 320 2356 ex
346 2322 393 2355 sis
427 2322 459 2355 Τ
530 2322 548 2355 7
577 2322 750 2366 suscipiet
776 2322 811 2354 Ι)
883 2323 902 2356 S
932 2323 1140 2367 pauperem}
1170 2322 1318 2356 diuitem
1340 2322 1374 2355 P
1470 2322 1568 2355 sinus
1596 2322 1707 2355 susci-

178 2383 278 2424 peret
309 2380 341 2413 T
365 2381 562 2425 susceperit
589 2381 688 2414 siuns
716 2381 751 2414 P
846 2381 866 2413 9
894 2383 930 2415 et
955 2391 1030 2414 raa.
1058 2383 1091 2414 et
1117 2391 1208 2415 corr.
1235 2391 1278 2415 ez
1304 2385 1343 2414 ut
1375 2381 1406 2414 Τ
1513 2391 1598 2425 prae
1626 2378 1704 2413 edd.

172 2443 323 2482 praeter
350 2450 372 2472 α
498 2440 539 2473 ls)
565 2439 741 2484 perdebat
771 2439 801 2473 C
824 2443 881 2483 (m.
910 2442 927 2473 1
954 2450 1045 2474 corr.
1073 2439 1269 2484 pendebat)
1301 2441 1330 2471 0
1446 2440 1552 2473 etiam
1581 2438 1708 2483 ipsius]

179 2497 285 2531 etiam
313 2498 425 2542 ipsius
452 2498 502 2532 fili
530 2499 564 2532 1³
588 2499 700 2543 ipsius
728 2499 836 2532 etiam
865 2498 928 2532 filii
962 2498 993 2531 Τ
1018 2499 1124 2532 etiam
1152 2499 1265 2544 ipsius
1293 2499 1356 2532 filii
1386 2499 1464 2532 edd.
1517 2498 1560 2532 13
1582 2497 1704 2531 dicunt

178 2557 303 2601 utique
329 2557 362 2592 L
461 2557 696 2596 uendidisset,
724 2569 815 2592 corr.
844 2557 1048 2592 uendidisse
1075 2557 1108 2592 L
1196 2559 1238 2592 14
1265 2558 1422 2592 habebat
1453 2558 1484 2590 I'
1575 2557 1618 2590 19
1644 2560 1709 2600 tuq

177 2617 235 2657 (z
263 2619 459 2660 tamquam)
491 2616 523 2649 Ι)
626 2620 734 2660 atquc
761 2616 935 2650 iustorum
965 2628 1032 2650 om.
1068 2616 1099 2649 Τ
1122 2616 1201 2651 edd.
1248 2645 1254 2647 ,
1300 2617 1344 2650 20
1374 2615 1573 2660 praecipuis
1600 2615 1709 2657 (inter

180 2685 200 2707 u
228 2678 262 2708 et
286 2675 295 2708 i
317 2686 444 2719 parua
471 2678 561 2717 ras.)
588 2675 620 2708 L
724 2675 765 2709 ‘21
797 2679 831 2708 ct
855 2679 938 2719 post
965 2676 1145 2709 Abraham
1173 2687 1240 2710 om.
1271 2675 1374 2709 (ῪΙΤ
1398 2674 1477 2709 edd.
1504 2686 1570 2709 sec.
1606 2674 1706 2717 ΓΝῘΩ-

179 2733 268 2774 (cod.
296 2734 514 2768 Annalium
539 2734 647 2769 hahet
674 2737 724 2774 et)
824 2739 859 2768 et
880 2739 964 2779 pos!
992 2734 1092 2769 Isaac
1119 2746 1185 2769 om.
1215 2734 1294 2769 edd.
1393 2735 1437 2768 ‘22
1470 2738 1598 2778 postea
1625 2744 1708 2766 nero

180 2802 282 2835 (iiiam
314 2792 383 2825 LT
406 2792 484 2826 edd.
558 2793 603 2827 ‘24
630 2793 800 2837 gentihus
828 2793 992 2827 omnibus
1019 2793 1135 2838 siquis
1161 2804 1252 2827 corr.
1288 2793 1318 2826 T
