<?xml version="1.0" encoding="UTF-8"?>
<!DOCTYPE html PUBLIC "-//W3C//DTD XHTML 1.0 Transitional//EN"
    "http://www.w3.org/TR/xhtml1/DTD/xhtml1-transitional.dtd">
<html xmlns="http://www.w3.org/1999/xhtml" xml:lang="en" lang="en">
 <head>
  <title>
</title>
<meta http-equiv="Content-Type" content="text/html;charset=utf-8" />
  <meta name='ocr-system' content='tesseract 3.04.00' />
  <meta name='ocr-capabilities' content='ocr_page ocr_carea ocr_par ocr_line ocrx_word'/>
</head>
<body>
  <div class='ocr_page' id='page_1' title='image "./corpusscriptorum44auguuoft_0031.png"; bbox 0 0 1844 3122; ppageno 0'>
   <div class='ocr_carea' id='block_1_1' title="bbox 84 983 117 1008">
    <p class='ocr_par' dir='ltr' id='par_1_1' title="bbox 84 983 117 1008">
     <span class='ocr_line' id='line_1_1' title="bbox 84 983 117 1008; baseline 0.061 -2"><span class='ocrx_word' id='word_1_1' title='bbox 84 983 117 1008; x_wconf 81' lang='lat'>10</span> 
     </span>
    </p>
   </div>
   <div class='ocr_carea' id='block_1_2' title="bbox 527 185 1669 232">
    <p class='ocr_par' dir='ltr' id='par_1_2' title="bbox 527 185 1669 232">
     <span class='ocr_line' id='line_1_2' title="bbox 527 185 1669 232; baseline 0 -12"><span class='ocrx_word' id='word_1_2' title='bbox 527 186 878 231; x_wconf 80' lang='lat' dir='ltr'>epistularum</span> <span class='ocrx_word' id='word_1_3' title='bbox 920 185 1075 221; x_wconf 81' lang='lat' dir='ltr'>CXXVI.</span> <span class='ocrx_word' id='word_1_4' title='bbox 1110 186 1287 222; x_wconf 82' lang='lat' dir='ltr'>CXXVII.</span> <span class='ocrx_word' id='word_1_5' title='bbox 1619 192 1669 232; x_wconf 76' lang='lat'>19</span> 
     </span>
    </p>
   </div>
   <div class='ocr_carea' id='block_1_3' title="bbox 142 313 1668 450">
    <p class='ocr_par' dir='ltr' id='par_1_3' title="bbox 142 313 1668 450">
     <span class='ocr_line' id='line_1_3' title="bbox 805 313 1011 357; baseline 0 -1"><span class='ocrx_word' id='word_1_6' title='bbox 805 313 1011 357; x_wconf 81' lang='lat' dir='ltr'>CXXVII.</span> 
     </span>
     <span class='ocr_line' id='line_1_4' title="bbox 142 407 1668 450; baseline 0.002 -8"><span class='ocrx_word' id='word_1_7' title='bbox 142 407 346 442; x_wconf 78' lang='lat' dir='ltr'>DOMINIS</span> <span class='ocrx_word' id='word_1_8' title='bbox 387 407 566 442; x_wconf 79' lang='lat' dir='ltr'>EXIMIIS</span> <span class='ocrx_word' id='word_1_9' title='bbox 605 407 887 450; x_wconf 76' lang='lat' dir='ltr'>MERITOQUE</span> <span class='ocrx_word' id='word_1_10' title='bbox 928 407 1322 444; x_wconf 79' lang='lat' dir='ltr'>HONORABILIBUS</span> <span class='ocrx_word' id='word_1_11' title='bbox 1366 409 1427 445; x_wconf 89' lang='lat' dir='ltr'>AC</span> <span class='ocrx_word' id='word_1_12' title='bbox 1471 410 1668 445; x_wconf 84' lang='lat' dir='ltr'>DESIDE-</span> 
     </span>
    </p>
   </div>
   <div class='ocr_carea' id='block_1_4' title="bbox 143 467 1672 562">
    <p class='ocr_par' dir='ltr' id='par_1_4' title="bbox 143 467 1672 562">
     <span class='ocr_line' id='line_1_5' title="bbox 143 467 1672 505; baseline 0.001 -4"><span class='ocrx_word' id='word_1_13' title='bbox 143 467 398 503; x_wconf 78' lang='lat' dir='ltr'>RABILIBUS</span> <span class='ocrx_word' id='word_1_14' title='bbox 433 468 575 502; x_wconf 71' lang='lat' dir='ltr'>FILIIS</span> <span class='ocrx_word' id='word_1_15' title='bbox 614 467 932 502; x_wconf 74' lang='lat' dir='ltr'>ARMENTARIO</span> <span class='ocrx_word' id='word_1_16' title='bbox 977 467 1038 502; x_wconf 88' lang='grc' dir='ltr'>ΕΤ</span> <span class='ocrx_word' id='word_1_17' title='bbox 1082 468 1328 503; x_wconf 86' lang='lat' dir='ltr'>PAULINAE</span> <span class='ocrx_word' id='word_1_18' title='bbox 1366 468 1672 505; x_wconf 69' lang='lat' dir='ltr'>AUGUSTINL&#39;S</span> 
     </span>
     <span class='ocr_line' id='line_1_6' title="bbox 636 526 1171 562; baseline 0.002 -2"><span class='ocrx_word' id='word_1_19' title='bbox 636 526 686 561; x_wconf 88' lang='lat' dir='ltr'>IN</span> <span class='ocrx_word' id='word_1_20' title='bbox 713 526 907 562; x_wconf 86' lang='lat' dir='ltr'>DOMINO</span> <span class='ocrx_word' id='word_1_21' title='bbox 938 526 1171 562; x_wconf 75' lang='lat' dir='ltr'><strong>SALUTEM.</strong></span> 
     </span>
    </p>
   </div>
   <div class='ocr_carea' id='block_1_5' title="bbox 141 611 1675 1306">
    <p class='ocr_par' dir='ltr' id='par_1_5' title="bbox 141 611 1675 1306">
     <span class='ocr_line' id='line_1_7' title="bbox 204 611 1673 666; baseline 0.002 -14"><span class='ocrx_word' id='word_1_22' title='bbox 204 612 276 653; x_wconf 90' lang='lat' dir='ltr'>Vir</span> <span class='ocrx_word' id='word_1_23' title='bbox 315 611 523 666; x_wconf 80' lang='lat' dir='ltr'>egregius,</span> <span class='ocrx_word' id='word_1_24' title='bbox 562 611 674 652; x_wconf 88' lang='lat' dir='ltr'>filius</span> <span class='ocrx_word' id='word_1_25' title='bbox 715 624 834 652; x_wconf 86' lang='lat' dir='ltr'>meus</span> <span class='ocrx_word' id='word_1_26' title='bbox 873 611 1085 661; x_wconf 83' lang='lat' dir='ltr'>Ruferius,</span> <span class='ocrx_word' id='word_1_27' title='bbox 1127 611 1275 653; x_wconf 82' lang='lat' dir='ltr'>adfinis</span> <span class='ocrx_word' id='word_1_28' title='bbox 1318 615 1470 662; x_wconf 73' lang='lat' dir='ltr'>uester,</span> <span class='ocrx_word' id='word_1_29' title='bbox 1510 614 1673 655; x_wconf 76' lang='lat' dir='ltr'>rettulit</span> 
     </span>
     <span class='ocr_line' id='line_1_8' title="bbox 144 682 1675 736; baseline 0.002 -12"><span class='ocrx_word' id='word_1_30' title='bbox 144 683 257 735; x_wconf 72' lang='lat' dir='ltr'>mihi,</span> <span class='ocrx_word' id='word_1_31' title='bbox 290 682 390 736; x_wconf 83' lang='lat' dir='ltr'>quid</span> <span class='ocrx_word' id='word_1_32' title='bbox 423 682 591 724; x_wconf 87' lang='lat' dir='ltr'>domino</span> <span class='ocrx_word' id='word_1_33' title='bbox 624 683 843 724; x_wconf 86' lang='lat' dir='ltr'>uoueritis.</span> <span class='ocrx_word' id='word_1_34' title='bbox 884 695 965 735; x_wconf 88' lang='lat' dir='ltr'>qua</span> <span class='ocrx_word' id='word_1_35' title='bbox 997 683 1086 724; x_wconf 88' lang='lat' dir='ltr'>eius</span> <span class='ocrx_word' id='word_1_36' title='bbox 1120 684 1355 726; x_wconf 84' lang='lat' dir='ltr'>narratione</span> <span class='ocrx_word' id='word_1_37' title='bbox 1395 684 1598 727; x_wconf 80' lang='lat' dir='ltr'>hilaratus</span> <span class='ocrx_word' id='word_1_38' title='bbox 1633 687 1675 727; x_wconf 80' lang='lat' dir='ltr'>et</span> 
     </span>
     <span class='ocr_line' id='line_1_9' title="bbox 143 753 1671 809; baseline 0.002 -14"><span class='ocrx_word' id='word_1_39' title='bbox 143 754 296 795; x_wconf 83' lang='lat' dir='ltr'>ibidem</span> <span class='ocrx_word' id='word_1_40' title='bbox 336 756 543 803; x_wconf 77' lang='lat' dir='ltr'>metuens,</span> <span class='ocrx_word' id='word_1_41' title='bbox 583 767 631 795; x_wconf 91' lang='lat' dir='ltr'>ne</span> <span class='ocrx_word' id='word_1_42' title='bbox 671 753 784 795; x_wconf 84' lang='lat' dir='ltr'>aliud</span> <span class='ocrx_word' id='word_1_43' title='bbox 824 754 1002 795; x_wconf 78' lang='lat' dir='ltr'>suadeat</span> <span class='ocrx_word' id='word_1_44' title='bbox 1038 754 1110 795; x_wconf 88' lang='lat' dir='ltr'>ille</span> <span class='ocrx_word' id='word_1_45' title='bbox 1155 756 1397 808; x_wconf 73' lang='lat' dir='ltr'>temptator,</span> <span class='ocrx_word' id='word_1_46' title='bbox 1437 755 1508 809; x_wconf 88' lang='lat' dir='ltr'>qui</span> <span class='ocrx_word' id='word_1_47' title='bbox 1553 756 1671 799; x_wconf 88' lang='lat' dir='ltr'>bonis</span> 
     </span>
     <span class='ocr_line' id='line_1_10' title="bbox 141 824 1672 879; baseline 0.001 -12"><span class='ocrx_word' id='word_1_48' title='bbox 141 826 296 867; x_wconf 81' lang='lat' dir='ltr'>talibus</span> <span class='ocrx_word' id='word_1_49' title='bbox 324 825 558 878; x_wconf 74' lang='lat' dir='ltr'>antiquitus</span> <span class='ocrx_word' id='word_1_50' title='bbox 578 824 754 874; x_wconf 75' lang='lat' dir='ltr'>inuidet,</span> <span class='ocrx_word' id='word_1_51' title='bbox 776 825 1070 867; x_wconf 77' lang='lat' dir='ltr'>exhortandam</span> <span class='ocrx_word' id='word_1_52' title='bbox 1098 825 1243 879; x_wconf 81' lang='lat' dir='ltr'>paucis</span> <span class='ocrx_word' id='word_1_53' title='bbox 1271 826 1428 867; x_wconf 84' lang='lat' dir='ltr'>credidi</span> <span class='ocrx_word' id='word_1_54' title='bbox 1456 827 1672 869; x_wconf 82' lang='lat' dir='ltr'>caritatem</span> 
     </span>
     <span class='ocr_line' id='line_1_11' title="bbox 142 895 1672 949; baseline 0.001 -11"><span class='ocrx_word' id='word_1_55' title='bbox 142 901 272 945; x_wconf 80' lang='lat' dir='ltr'>tuam,</span> <span class='ocrx_word' id='word_1_56' title='bbox 312 897 478 937; x_wconf 87' lang='lat' dir='ltr'>domine</span> <span class='ocrx_word' id='word_1_57' title='bbox 523 895 671 937; x_wconf 84' lang='lat' dir='ltr'>eximie</span> <span class='ocrx_word' id='word_1_58' title='bbox 716 896 949 949; x_wconf 80' lang='lat' dir='ltr'>meritoque</span> <span class='ocrx_word' id='word_1_59' title='bbox 995 896 1251 938; x_wconf 85' lang='lat' dir='ltr'>honorabilis</span> <span class='ocrx_word' id='word_1_60' title='bbox 1297 899 1337 939; x_wconf 77' lang='lat' dir='ltr'>et</span> <span class='ocrx_word' id='word_1_61' title='bbox 1383 897 1672 941; x_wconf 85' lang='lat' dir='ltr'>desiderabilis</span> 
     </span>
     <span class='ocr_line' id='line_1_12' title="bbox 142 967 1672 1023; baseline 0.001 -14"><span class='ocrx_word' id='word_1_62' title='bbox 142 968 215 1017; x_wconf 75' lang='lat' dir='ltr'>fili,</span> <span class='ocrx_word' id='word_1_63' title='bbox 249 971 296 1009; x_wconf 77' lang='lat' dir='ltr'>ut</span> <span class='ocrx_word' id='word_1_64' title='bbox 329 967 505 1020; x_wconf 82' lang='lat' dir='ltr'>cogites,</span> <span class='ocrx_word' id='word_1_65' title='bbox 541 967 651 1021; x_wconf 88' lang='lat' dir='ltr'>quod</span> <span class='ocrx_word' id='word_1_66' title='bbox 684 967 724 1008; x_wconf 91' lang='lat' dir='ltr'>in</span> <span class='ocrx_word' id='word_1_67' title='bbox 759 967 914 1008; x_wconf 87' lang='lat' dir='ltr'>diuinis</span> <span class='ocrx_word' id='word_1_68' title='bbox 948 967 1125 1020; x_wconf 86' lang='lat' dir='ltr'>eloquiis</span> <span class='ocrx_word' id='word_1_69' title='bbox 1159 968 1336 1023; x_wconf 83' lang='lat' dir='ltr'>legitur:</span> <span class='ocrx_word' id='word_1_70' title='bbox 1388 968 1460 1010; x_wconf 86' lang='lat' dir='ltr'>Ne</span> <span class='ocrx_word' id='word_1_71' title='bbox 1494 969 1672 1011; x_wconf 83' lang='lat' dir='ltr'>tardes</span> 
     </span>
     <span class='ocr_line' id='line_1_13' title="bbox 143 1037 1671 1091; baseline 0 -10"><span class='ocrx_word' id='word_1_72' title='bbox 143 1038 392 1081; x_wconf 80' lang='lat' dir='ltr'>conuerti</span> <span class='ocrx_word' id='word_1_73' title='bbox 427 1038 486 1079; x_wconf 86' lang='lat' dir='ltr'>ad</span> <span class='ocrx_word' id='word_1_74' title='bbox 513 1037 781 1079; x_wconf 91' lang='lat' dir='ltr'>dominum</span> <span class='ocrx_word' id='word_1_75' title='bbox 809 1050 976 1091; x_wconf 87' lang='lat' dir='ltr'>neque</span> <span class='ocrx_word' id='word_1_76' title='bbox 1005 1038 1235 1080; x_wconf 86' lang='lat' dir='ltr'>differas</span> <span class='ocrx_word' id='word_1_77' title='bbox 1263 1039 1321 1080; x_wconf 84' lang='lat' dir='ltr'>de</span> <span class='ocrx_word' id='word_1_78' title='bbox 1349 1039 1432 1080; x_wconf 88' lang='lat' dir='ltr'>die</span> <span class='ocrx_word' id='word_1_79' title='bbox 1459 1040 1508 1080; x_wconf 91' lang='lat' dir='ltr'>in</span> <span class='ocrx_word' id='word_1_80' title='bbox 1538 1039 1671 1081; x_wconf 88' lang='lat' dir='ltr'>diem</span> 
     </span>
     <span class='ocr_line' id='line_1_14' title="bbox 142 1108 1673 1163; baseline 0.001 -12"><span class='ocrx_word' id='word_1_81' title='bbox 142 1112 267 1163; x_wconf 80' lang='lat' dir='ltr'>atque</span> <span class='ocrx_word' id='word_1_82' title='bbox 301 1108 472 1161; x_wconf 87' lang='lat' dir='ltr'>arripias</span> <span class='ocrx_word' id='word_1_83' title='bbox 506 1121 712 1162; x_wconf 89' lang='lat' dir='ltr'>curesque</span> <span class='ocrx_word' id='word_1_84' title='bbox 744 1108 1017 1157; x_wconf 87' lang='lat' dir='ltr'>reddendum,</span> <span class='ocrx_word' id='word_1_85' title='bbox 1052 1108 1164 1162; x_wconf 90' lang='lat' dir='ltr'>quod</span> <span class='ocrx_word' id='word_1_86' title='bbox 1196 1109 1231 1150; x_wconf 93' lang='lat' dir='ltr'>ei</span> <span class='ocrx_word' id='word_1_87' title='bbox 1266 1111 1308 1151; x_wconf 82' lang='lat' dir='ltr'>te</span> <span class='ocrx_word' id='word_1_88' title='bbox 1340 1109 1514 1152; x_wconf 89' lang='lat' dir='ltr'>uouisse</span> <span class='ocrx_word' id='word_1_89' title='bbox 1547 1111 1673 1162; x_wconf 83' lang='lat' dir='ltr'>nosti,</span> 
     </span>
     <span class='ocr_line' id='line_1_15' title="bbox 143 1179 1673 1235; baseline 0.001 -14"><span class='ocrx_word' id='word_1_90' title='bbox 143 1180 215 1234; x_wconf 87' lang='lat' dir='ltr'>qui</span> <span class='ocrx_word' id='word_1_91' title='bbox 243 1182 284 1221; x_wconf 75' lang='lat' dir='ltr'>et</span> <span class='ocrx_word' id='word_1_92' title='bbox 311 1179 451 1221; x_wconf 81' lang='lat' dir='ltr'>debita</span> <span class='ocrx_word' id='word_1_93' title='bbox 477 1179 607 1234; x_wconf 73' lang='lat' dir='ltr'>exigit</span> <span class='ocrx_word' id='word_1_94' title='bbox 634 1181 676 1220; x_wconf 77' lang='lat' dir='ltr'>et</span> <span class='ocrx_word' id='word_1_95' title='bbox 695 1179 903 1233; x_wconf 89' lang='lat' dir='ltr'>promissa</span> <span class='ocrx_word' id='word_1_96' title='bbox 930 1179 1148 1232; x_wconf 81' lang='lat' dir='ltr'>persoluit.</span> <span class='ocrx_word' id='word_1_97' title='bbox 1176 1193 1270 1221; x_wconf 88' lang='lat' dir='ltr'>nam</span> <span class='ocrx_word' id='word_1_98' title='bbox 1300 1182 1342 1221; x_wconf 79' lang='lat' dir='ltr'>et</span> <span class='ocrx_word' id='word_1_99' title='bbox 1367 1181 1446 1222; x_wconf 84' lang='lat' dir='ltr'>hoc</span> <span class='ocrx_word' id='word_1_100' title='bbox 1469 1181 1673 1235; x_wconf 81' lang='lat' dir='ltr'>scriptum</span> 
     </span>
     <span class='ocr_line' id='line_1_16' title="bbox 143 1250 1671 1306; baseline 0 -13"><span class='ocrx_word' id='word_1_101' title='bbox 143 1254 226 1293; x_wconf 81' lang='lat' dir='ltr'>est:</span> <span class='ocrx_word' id='word_1_102' title='bbox 263 1251 469 1292; x_wconf 86' lang='lat' dir='ltr'>Vouete</span> <span class='ocrx_word' id='word_1_103' title='bbox 503 1253 553 1292; x_wconf 78' lang='lat' dir='ltr'>et</span> <span class='ocrx_word' id='word_1_104' title='bbox 584 1250 795 1291; x_wconf 77' lang='lat' dir='ltr'>reddite</span> <span class='ocrx_word' id='word_1_105' title='bbox 823 1250 1036 1292; x_wconf 86' lang='lat' dir='ltr'>domino</span> <span class='ocrx_word' id='word_1_106' title='bbox 1065 1250 1157 1292; x_wconf 89' lang='lat' dir='ltr'>deo</span> <span class='ocrx_word' id='word_1_107' title='bbox 1185 1253 1386 1293; x_wconf 77' lang='lat' dir='ltr'>nostro.</span> <span class='ocrx_word' id='word_1_108' title='bbox 1416 1264 1671 1306; x_wconf 87' lang='lat' dir='ltr'>quamquam</span> 
     </span>
    </p>
   </div>
   <div class='ocr_carea' id='block_1_6' title="bbox 266 1378 911 1422">
    <p class='ocr_par' dir='ltr' id='par_1_6' title="bbox 266 1378 911 1422">
     <span class='ocr_line' id='line_1_17' title="bbox 266 1378 911 1422; baseline 0 -10"><span class='ocrx_word' id='word_1_109' title='bbox 266 1379 307 1413; x_wconf 85' lang='lat'>10</span> <span class='ocrx_word' id='word_1_110' title='bbox 335 1378 443 1413; x_wconf 54' lang='lat' dir='ltr'>Eccli⁴</span> <span class='ocrx_word' id='word_1_111' title='bbox 470 1379 503 1422; x_wconf 83' lang='lat'>5,</span> <span class='ocrx_word' id='word_1_112' title='bbox 530 1378 551 1412; x_wconf 76' lang='lat'>8</span> <span class='ocrx_word' id='word_1_113' title='bbox 628 1379 671 1412; x_wconf 87' lang='lat'>14</span> <span class='ocrx_word' id='word_1_114' title='bbox 697 1378 756 1412; x_wconf 80' lang='lat' dir='ltr'>Ps.</span> <span class='ocrx_word' id='word_1_115' title='bbox 785 1379 839 1419; x_wconf 80' lang='lat'>75,</span> <span class='ocrx_word' id='word_1_116' title='bbox 870 1378 911 1412; x_wconf 80' lang='lat'>12</span> 
     </span>
    </p>
   </div>
   <div class='ocr_carea' id='block_1_7' title="bbox 287 1460 1403 1978">
    <p class='ocr_par' dir='ltr' id='par_1_7' title="bbox 287 1460 1013 1497">
     <span class='ocr_line' id='line_1_18' title="bbox 287 1460 1013 1497; baseline -0.001 -2"><span class='ocrx_word' id='word_1_117' title='bbox 287 1461 329 1495; x_wconf 89' lang='lat' dir='ltr'><em>H</em></span> <span class='ocrx_word' id='word_1_118' title='bbox 360 1477 403 1490; x_wconf 76' lang='lat' dir='ltr'><strong><em>z</em></strong></span> <span class='ocrx_word' id='word_1_119' title='bbox 431 1460 506 1496; x_wconf 80' lang='lat' dir='ltr'>cod.</span> <span class='ocrx_word' id='word_1_120' title='bbox 534 1460 738 1495; x_wconf 76' lang='lat' dir='ltr'>Palatinus</span> <span class='ocrx_word' id='word_1_121' title='bbox 764 1463 839 1495; x_wconf 90' lang='grc'>210</span> <span class='ocrx_word' id='word_1_122' title='bbox 862 1472 890 1497; x_wconf 82' lang='lat' dir='ltr'>s.</span> <span class='ocrx_word' id='word_1_123' title='bbox 925 1460 1013 1495; x_wconf 89' lang='lat' dir='ltr'><em>VII.</em></span> 
     </span>
    </p>

    <p class='ocr_par' dir='ltr' id='par_1_8' title="bbox 288 1519 1235 1564">
     <span class='ocr_line' id='line_1_19' title="bbox 288 1519 1235 1564; baseline 0 -10"><span class='ocrx_word' id='word_1_124' title='bbox 288 1520 323 1554; x_wconf 95' lang='lat' dir='ltr'><em>P</em></span> <span class='ocrx_word' id='word_1_125' title='bbox 359 1536 402 1549; x_wconf 89' lang='lat'><strong><em>=</em></strong></span> <span class='ocrx_word' id='word_1_126' title='bbox 431 1519 506 1554; x_wconf 81' lang='lat' dir='ltr'>cod.</span> <span class='ocrx_word' id='word_1_127' title='bbox 534 1520 735 1554; x_wconf 77' lang='lat' dir='ltr'>Parisinus</span> <span class='ocrx_word' id='word_1_128' title='bbox 759 1530 845 1556; x_wconf 77' lang='lat' dir='ltr'>nou.</span> <span class='ocrx_word' id='word_1_129' title='bbox 874 1531 950 1564; x_wconf 80' lang='lat' dir='ltr'>aeq.</span> <span class='ocrx_word' id='word_1_130' title='bbox 978 1522 1080 1554; x_wconf 82' lang='grc'><strong><em>1448</em></strong></span> <span class='ocrx_word' id='word_1_131' title='bbox 1106 1532 1133 1555; x_wconf 81' lang='lat' dir='ltr'>s.</span> <span class='ocrx_word' id='word_1_132' title='bbox 1161 1520 1235 1554; x_wconf 87' lang='lat' dir='ltr'>IX.</span> 
     </span>
    </p>

    <p class='ocr_par' dir='ltr' id='par_1_9' title="bbox 289 1579 1319 1624">
     <span class='ocr_line' id='line_1_20' title="bbox 289 1579 1319 1624; baseline -0.001 -10"><span class='ocrx_word' id='word_1_133' title='bbox 289 1579 337 1614; x_wconf 86' lang='lat' dir='ltr'>Pl</span> <span class='ocrx_word' id='word_1_134' title='bbox 359 1596 402 1608; x_wconf 67' lang='lat' dir='ltr'><em>z</em></span> <span class='ocrx_word' id='word_1_135' title='bbox 430 1579 505 1614; x_wconf 77' lang='lat' dir='ltr'>cod.</span> <span class='ocrx_word' id='word_1_136' title='bbox 534 1579 734 1613; x_wconf 75' lang='lat' dir='ltr'>Parisinus</span> <span class='ocrx_word' id='word_1_137' title='bbox 759 1590 844 1614; x_wconf 78' lang='lat' dir='ltr'>nou.</span> <span class='ocrx_word' id='word_1_138' title='bbox 873 1590 949 1624; x_wconf 79' lang='lat' dir='ltr'>aeq.</span> <span class='ocrx_word' id='word_1_139' title='bbox 977 1582 1079 1614; x_wconf 87' lang='grc'><strong><em>1443</em></strong></span> <span class='ocrx_word' id='word_1_140' title='bbox 1104 1591 1131 1616; x_wconf 80' lang='lat' dir='ltr'>s.</span> <span class='ocrx_word' id='word_1_141' title='bbox 1158 1580 1319 1614; x_wconf 86' lang='lat' dir='ltr'><em>IX—X.</em></span> 
     </span>
    </p>

    <p class='ocr_par' dir='ltr' id='par_1_10' title="bbox 289 1637 1403 1732">
     <span class='ocr_line' id='line_1_21' title="bbox 289 1637 1403 1683; baseline -0.002 -9"><span class='ocrx_word' id='word_1_142' title='bbox 289 1639 328 1673; x_wconf 80' lang='lat' dir='ltr'><em>E</em></span> <span class='ocrx_word' id='word_1_143' title='bbox 360 1655 402 1667; x_wconf 88' lang='lat'>=</span> <span class='ocrx_word' id='word_1_144' title='bbox 430 1637 505 1673; x_wconf 67' lang='lat' dir='ltr'>cod,</span> <span class='ocrx_word' id='word_1_145' title='bbox 538 1638 871 1672; x_wconf 67' lang='lat' dir='ltr'>Chellenhamensis</span> <span class='ocrx_word' id='word_1_146' title='bbox 899 1640 995 1672; x_wconf 80' lang='grc'><strong><em>1712</em></strong></span> <span class='ocrx_word' id='word_1_147' title='bbox 1021 1638 1088 1682; x_wconf 73' lang='grc' dir='ltr'>(Μ</span> <span class='ocrx_word' id='word_1_148' title='bbox 1112 1640 1208 1683; x_wconf 81' lang='grc'><strong><em>504)</em></strong></span> <span class='ocrx_word' id='word_1_149' title='bbox 1236 1650 1263 1674; x_wconf 82' lang='lat' dir='ltr'>s.</span> <span class='ocrx_word' id='word_1_150' title='bbox 1291 1639 1331 1672; x_wconf 85' lang='lat' dir='ltr'><em>X</em></span> <span class='ocrx_word' id='word_1_151' title='bbox 1354 1639 1403 1672; x_wconf 85' lang='lat' dir='ltr'>in.</span> 
     </span>
     <span class='ocr_line' id='line_1_22' title="bbox 290 1697 965 1732; baseline -0.001 0"><span class='ocrx_word' id='word_1_152' title='bbox 290 1698 315 1732; x_wconf 91' lang='grc' dir='ltr'><em>Ι</em></span> <span class='ocrx_word' id='word_1_153' title='bbox 360 1714 405 1727; x_wconf 92' lang='lat'><strong><em>=</em></strong></span> <span class='ocrx_word' id='word_1_154' title='bbox 433 1697 509 1732; x_wconf 82' lang='lat' dir='ltr'>eod.</span> <span class='ocrx_word' id='word_1_155' title='bbox 538 1697 745 1732; x_wconf 75' lang='lat' dir='ltr'>Palatinus</span> <span class='ocrx_word' id='word_1_156' title='bbox 772 1699 838 1731; x_wconf 90' lang='grc'><strong><em>211</em></strong></span> <span class='ocrx_word' id='word_1_157' title='bbox 862 1708 889 1731; x_wconf 80' lang='lat' dir='ltr'>s.</span> <span class='ocrx_word' id='word_1_158' title='bbox 918 1698 965 1731; x_wconf 82' lang='lat' dir='ltr'>X.</span> 
     </span>
    </p>

    <p class='ocr_par' dir='ltr' id='par_1_11' title="bbox 288 1757 1039 1793">
     <span class='ocr_line' id='line_1_23' title="bbox 288 1757 1039 1793; baseline -0.001 -1"><span class='ocrx_word' id='word_1_159' title='bbox 288 1758 335 1792; x_wconf 87' lang='lat' dir='ltr'><em>M</em></span> <span class='ocrx_word' id='word_1_160' title='bbox 359 1773 401 1786; x_wconf 94' lang='lat'>=</span> <span class='ocrx_word' id='word_1_161' title='bbox 430 1757 507 1793; x_wconf 84' lang='lat' dir='ltr'>cod.</span> <span class='ocrx_word' id='word_1_162' title='bbox 534 1757 775 1791; x_wconf 77' lang='lat' dir='ltr'>Monacensis</span> <span class='ocrx_word' id='word_1_163' title='bbox 805 1758 911 1791; x_wconf 88' lang='grc'><em>6266</em></span> <span class='ocrx_word' id='word_1_164' title='bbox 935 1766 964 1791; x_wconf 83' lang='lat' dir='ltr'>s.</span> <span class='ocrx_word' id='word_1_165' title='bbox 991 1757 1039 1791; x_wconf 87' lang='lat' dir='ltr'>X.</span> 
     </span>
    </p>

    <p class='ocr_par' dir='ltr' id='par_1_12' title="bbox 289 1815 1390 1910">
     <span class='ocr_line' id='line_1_24' title="bbox 289 1815 1390 1860; baseline -0.002 -9"><span class='ocrx_word' id='word_1_166' title='bbox 289 1819 323 1851; x_wconf 98' lang='lat' dir='ltr'><strong><em>A</em></strong></span> <span class='ocrx_word' id='word_1_167' title='bbox 359 1833 401 1845; x_wconf 92' lang='lat'><strong><em>=</em></strong></span> <span class='ocrx_word' id='word_1_168' title='bbox 429 1816 506 1851; x_wconf 31' lang='lat' dir='ltr'>cod*</span> <span class='ocrx_word' id='word_1_169' title='bbox 534 1815 943 1859; x_wconf 73' lang='lat' dir='ltr'>Audomaropolitanus</span> <span class='ocrx_word' id='word_1_170' title='bbox 972 1818 1032 1860; x_wconf 85' lang='lat'>76,</span> <span class='ocrx_word' id='word_1_171' title='bbox 1061 1818 1097 1857; x_wconf 89' lang='grc'>8,</span> <span class='ocrx_word' id='word_1_172' title='bbox 1128 1817 1151 1850; x_wconf 91' lang='grc'><em>9</em></span> <span class='ocrx_word' id='word_1_173' title='bbox 1175 1827 1202 1851; x_wconf 81' lang='lat' dir='ltr'>s.</span> <span class='ocrx_word' id='word_1_174' title='bbox 1229 1816 1390 1850; x_wconf 89' lang='lat' dir='ltr'><strong><em>X—XI.</em></strong></span> 
     </span>
     <span class='ocr_line' id='line_1_25' title="bbox 292 1873 1004 1910; baseline -0.001 0"><span class='ocrx_word' id='word_1_175' title='bbox 292 1876 322 1910; x_wconf 85' lang='lat' dir='ltr'><em>C</em></span> <span class='ocrx_word' id='word_1_176' title='bbox 358 1892 400 1905; x_wconf 90' lang='lat'><strong><em>=</em></strong></span> <span class='ocrx_word' id='word_1_177' title='bbox 428 1875 505 1909; x_wconf 80' lang='lat' dir='ltr'>cod.</span> <span class='ocrx_word' id='word_1_178' title='bbox 536 1875 749 1909; x_wconf 71' lang='lat' dir='ltr'>Casinensis</span> <span class='ocrx_word' id='word_1_179' title='bbox 775 1873 853 1909; x_wconf 83' lang='lat'>16¹⁹</span> <span class='ocrx_word' id='word_1_180' title='bbox 878 1887 906 1909; x_wconf 75' lang='lat' dir='ltr'>s.</span> <span class='ocrx_word' id='word_1_181' title='bbox 934 1875 1004 1909; x_wconf 87' lang='lat' dir='ltr'>XI.</span> 
     </span>
    </p>

    <p class='ocr_par' dir='ltr' id='par_1_13' title="bbox 289 1934 1237 1978">
     <span class='ocr_line' id='line_1_26' title="bbox 289 1934 1237 1978; baseline -0.001 -9"><span class='ocrx_word' id='word_1_182' title='bbox 289 1934 338 1969; x_wconf 71' lang='grc' dir='ltr'>Ρ2</span> <span class='ocrx_word' id='word_1_183' title='bbox 361 1951 401 1963; x_wconf 91' lang='lat'>=</span> <span class='ocrx_word' id='word_1_184' title='bbox 429 1934 506 1969; x_wconf 84' lang='lat' dir='ltr'>cod.</span> <span class='ocrx_word' id='word_1_185' title='bbox 533 1934 735 1968; x_wconf 75' lang='lat' dir='ltr'>Parisinus</span> <span class='ocrx_word' id='word_1_186' title='bbox 760 1945 844 1968; x_wconf 81' lang='lat' dir='ltr'>nou.</span> <span class='ocrx_word' id='word_1_187' title='bbox 874 1945 950 1978; x_wconf 78' lang='lat' dir='ltr'>aeq.</span> <span class='ocrx_word' id='word_1_188' title='bbox 979 1937 1083 1968; x_wconf 80' lang='grc'><strong><em>1444</em></strong></span> <span class='ocrx_word' id='word_1_189' title='bbox 1108 1946 1135 1971; x_wconf 81' lang='lat' dir='ltr'>s.</span> <span class='ocrx_word' id='word_1_190' title='bbox 1164 1934 1237 1968; x_wconf 82' lang='lat' dir='ltr'>XI.</span> 
     </span>
    </p>
   </div>
   <div class='ocr_carea' id='block_1_8' title="bbox 143 2016 1684 2772">
    <p class='ocr_par' dir='ltr' id='par_1_14' title="bbox 145 2016 1679 2182">
     <span class='ocr_line' id='line_1_27' title="bbox 194 2016 1676 2062; baseline -0.001 -10"><span class='ocrx_word' id='word_1_191' title='bbox 194 2019 214 2052; x_wconf 82' lang='lat'>2</span> <span class='ocrx_word' id='word_1_192' title='bbox 243 2018 379 2053; x_wconf 77' lang='lat' dir='ltr'>eximiis</span> <span class='ocrx_word' id='word_1_193' title='bbox 406 2018 471 2061; x_wconf 79' lang='lat' dir='ltr'>bis,</span> <span class='ocrx_word' id='word_1_194' title='bbox 499 2018 655 2052; x_wconf 78' lang='lat' dir='ltr'>alterum</span> <span class='ocrx_word' id='word_1_195' title='bbox 682 2017 748 2052; x_wconf 86' lang='lat' dir='ltr'>del.</span> <span class='ocrx_word' id='word_1_196' title='bbox 775 2016 819 2052; x_wconf 92' lang='lat' dir='ltr'><em>H</em></span> <span class='ocrx_word' id='word_1_197' title='bbox 901 2018 1196 2062; x_wconf 52' lang='lat' dir='ltr'>s&#39;s&#39;Jslmmeritoque</span> <span class='ocrx_word' id='word_1_198' title='bbox 1223 2019 1311 2061; x_wconf 80' lang='lat' dir='ltr'>(ras.</span> <span class='ocrx_word' id='word_1_199' title='bbox 1341 2019 1441 2051; x_wconf 82' lang='grc'>2-3</span> <span class='ocrx_word' id='word_1_200' title='bbox 1468 2017 1505 2059; x_wconf 87' lang='lat' dir='ltr'>l.)</span> <span class='ocrx_word' id='word_1_201' title='bbox 1533 2016 1582 2050; x_wconf 84' lang='lat' dir='ltr'><em>M</em></span> <span class='ocrx_word' id='word_1_202' title='bbox 1604 2028 1676 2051; x_wconf 82' lang='lat' dir='ltr'>lne-</span> 
     </span>
     <span class='ocr_line' id='line_1_28' title="bbox 145 2076 1677 2123; baseline -0.001 -11"><span class='ocrx_word' id='word_1_203' title='bbox 145 2078 309 2123; x_wconf 76' lang='lat' dir='ltr'>ritisque,</span> <span class='ocrx_word' id='word_1_204' title='bbox 334 2089 367 2111; x_wconf 88' lang='lat' dir='ltr'><em>m</em></span> <span class='ocrx_word' id='word_1_205' title='bbox 406 2080 424 2112; x_wconf 90' lang='lat'><em>1</em></span> <span class='ocrx_word' id='word_1_206' title='bbox 449 2088 541 2113; x_wconf 82' lang='lat' dir='ltr'>corr.</span> <span class='ocrx_word' id='word_1_207' title='bbox 568 2077 768 2122; x_wconf 82' lang='lat' dir='ltr'>meritoque</span> <span class='ocrx_word' id='word_1_208' title='bbox 795 2076 837 2111; x_wconf 90' lang='lat' dir='ltr'><em>H</em></span> <span class='ocrx_word' id='word_1_209' title='bbox 859 2077 987 2111; x_wconf 80' lang='lat' dir='ltr'>merito</span> <span class='ocrx_word' id='word_1_210' title='bbox 1014 2077 1050 2111; x_wconf 95' lang='lat' dir='ltr'>P</span> <span class='ocrx_word' id='word_1_211' title='bbox 1151 2077 1418 2112; x_wconf 86' lang='lat' dir='ltr'>uenerabilibus</span> <span class='ocrx_word' id='word_1_212' title='bbox 1446 2076 1540 2119; x_wconf 88' lang='lat' dir='ltr'>HP;</span> <span class='ocrx_word' id='word_1_213' title='bbox 1564 2078 1612 2121; x_wconf 82' lang='lat' dir='ltr'>cf.</span> <span class='ocrx_word' id='word_1_214' title='bbox 1641 2088 1677 2110; x_wconf 79' lang='lat' dir='ltr'>u.</span> 
     </span>
     <span class='ocr_line' id='line_1_29' title="bbox 151 2135 1679 2182; baseline -0.001 -10"><span class='ocrx_word' id='word_1_215' title='bbox 151 2139 190 2180; x_wconf 89' lang='lat'>9,·</span> <span class='ocrx_word' id='word_1_216' title='bbox 211 2149 249 2182; x_wconf 79' lang='lat' dir='ltr'>p.</span> <span class='ocrx_word' id='word_1_217' title='bbox 277 2139 341 2179; x_wconf 78' lang='lat'>29,</span> <span class='ocrx_word' id='word_1_218' title='bbox 368 2139 414 2171; x_wconf 86' lang='lat'>12</span> <span class='ocrx_word' id='word_1_219' title='bbox 571 2137 591 2171; x_wconf 89' lang='lat'><strong>3</strong></span> <span class='ocrx_word' id='word_1_220' title='bbox 618 2135 789 2170; x_wconf 78' lang='lat' dir='ltr'>fratribus</span> <span class='ocrx_word' id='word_1_221' title='bbox 815 2136 857 2170; x_wconf 86' lang='lat' dir='ltr'>in</span> <span class='ocrx_word' id='word_1_222' title='bbox 882 2146 955 2170; x_wconf 83' lang='lat' dir='ltr'>ras.</span> <span class='ocrx_word' id='word_1_223' title='bbox 981 2147 1026 2171; x_wconf 88' lang='lat' dir='ltr'>m.</span> <span class='ocrx_word' id='word_1_224' title='bbox 1054 2140 1094 2170; x_wconf 75' lang='lat' dir='ltr'>ut</span> <span class='ocrx_word' id='word_1_225' title='bbox 1119 2136 1196 2170; x_wconf 82' lang='lat' dir='ltr'>uid.</span> <span class='ocrx_word' id='word_1_226' title='bbox 1224 2138 1268 2179; x_wconf 86' lang='lat'>2,·</span> <span class='ocrx_word' id='word_1_227' title='bbox 1291 2136 1406 2180; x_wconf 74' lang='lat' dir='ltr'>fuisse</span> <span class='ocrx_word' id='word_1_228' title='bbox 1431 2135 1506 2172; x_wconf 78' lang='lat' dir='ltr'>uid.</span> <span class='ocrx_word' id='word_1_229' title='bbox 1534 2135 1619 2170; x_wconf 83' lang='lat' dir='ltr'>filiis</span> <span class='ocrx_word' id='word_1_230' title='bbox 1650 2136 1679 2170; x_wconf 67' lang='lat' dir='ltr'>(J</span> 
     </span>
    </p>

    <p class='ocr_par' dir='ltr' id='par_1_15' title="bbox 143 2194 1684 2772">
     <span class='ocr_line' id='line_1_30' title="bbox 187 2194 1677 2242; baseline -0.002 -10"><span class='ocrx_word' id='word_1_231' title='bbox 187 2201 273 2242; x_wconf 81' lang='lat' dir='ltr'>post</span> <span class='ocrx_word' id='word_1_232' title='bbox 299 2197 512 2242; x_wconf 79' lang='lat' dir='ltr'>augustinus</span> <span class='ocrx_word' id='word_1_233' title='bbox 538 2197 579 2231; x_wconf 87' lang='lat' dir='ltr'>in</span> <span class='ocrx_word' id='word_1_234' title='bbox 603 2207 716 2241; x_wconf 62' lang='lat' dir='ltr'>mara.</span> <span class='ocrx_word' id='word_1_235' title='bbox 744 2200 805 2241; x_wconf 74' lang='lat' dir='ltr'>eps</span> <span class='ocrx_word' id='word_1_236' title='bbox 832 2198 889 2238; x_wconf 89' lang='lat' dir='ltr'>(m.</span> <span class='ocrx_word' id='word_1_237' title='bbox 918 2194 983 2239; x_wconf 78' lang='lat'>1?)</span> <span class='ocrx_word' id='word_1_238' title='bbox 1010 2196 1053 2230; x_wconf 88' lang='lat' dir='ltr'><em>H</em></span> <span class='ocrx_word' id='word_1_239' title='bbox 1075 2197 1290 2241; x_wconf 76' lang='lat' dir='ltr'>augustinus</span> <span class='ocrx_word' id='word_1_240' title='bbox 1317 2199 1378 2240; x_wconf 70' lang='lat' dir='ltr'>eps</span> <span class='ocrx_word' id='word_1_241' title='bbox 1405 2195 1478 2230; x_wconf 84' lang='lat' dir='ltr'>PE</span> <span class='ocrx_word' id='word_1_242' title='bbox 1534 2197 1554 2230; x_wconf 84' lang='grc'><em>6</em></span> <span class='ocrx_word' id='word_1_243' title='bbox 1583 2194 1677 2240; x_wconf 87' lang='lat' dir='ltr'>quod</span> 
     </span>
     <span class='ocr_line' id='line_1_31' title="bbox 146 2254 1678 2300; baseline -0.002 -9"><span class='ocrx_word' id='word_1_244' title='bbox 146 2256 272 2291; x_wconf 63' lang='grc' dir='ltr'>ΗΡΡι</span> <span class='ocrx_word' id='word_1_245' title='bbox 404 2256 565 2300; x_wconf 81' lang='lat' dir='ltr'>domino]</span> <span class='ocrx_word' id='word_1_246' title='bbox 594 2255 636 2290; x_wconf 71' lang='lat' dir='ltr'>de</span> <span class='ocrx_word' id='word_1_247' title='bbox 663 2258 771 2300; x_wconf 57' lang='grc' dir='ltr'>(εκ-ρ.)</span> <span class='ocrx_word' id='word_1_248' title='bbox 799 2255 941 2290; x_wconf 68' lang='lat' dir='ltr'>domino</span> <span class='ocrx_word' id='word_1_249' title='bbox 969 2255 1019 2290; x_wconf 87' lang='lat' dir='ltr'>P²</span> <span class='ocrx_word' id='word_1_250' title='bbox 1045 2266 1108 2290; x_wconf 84' lang='lat' dir='ltr'>uos</span> <span class='ocrx_word' id='word_1_251' title='bbox 1135 2255 1281 2290; x_wconf 88' lang='lat' dir='ltr'>domino</span> <span class='ocrx_word' id='word_1_252' title='bbox 1309 2254 1356 2289; x_wconf 91' lang='lat' dir='ltr'>P¹</span> <span class='ocrx_word' id='word_1_253' title='bbox 1491 2254 1678 2297; x_wconf 78' lang='lat' dir='ltr'>noueritis,</span> 
     </span>
     <span class='ocr_line' id='line_1_32' title="bbox 143 2312 1676 2358; baseline -0.003 -8"><span class='ocrx_word' id='word_1_254' title='bbox 143 2327 191 2351; x_wconf 87' lang='lat' dir='ltr'>m.</span> <span class='ocrx_word' id='word_1_255' title='bbox 219 2318 244 2350; x_wconf 87' lang='grc'><em>2</em></span> <span class='ocrx_word' id='word_1_256' title='bbox 270 2316 442 2349; x_wconf 83' lang='lat' dir='ltr'>uoueritis</span> <span class='ocrx_word' id='word_1_257' title='bbox 470 2315 518 2349; x_wconf 87' lang='lat' dir='ltr'><em>M</em></span> <span class='ocrx_word' id='word_1_258' title='bbox 610 2314 782 2348; x_wconf 83' lang='lat' dir='ltr'>hilaratas</span> <span class='ocrx_word' id='word_1_259' title='bbox 810 2314 857 2348; x_wconf 83' lang='lat' dir='ltr'><strong><em>M</em></strong></span> <span class='ocrx_word' id='word_1_260' title='bbox 878 2313 1064 2348; x_wconf 58' lang='lat' dir='ltr'>hilarat&#39;n</span> <span class='ocrx_word' id='word_1_261' title='bbox 1089 2314 1225 2358; x_wconf 78' lang='lat' dir='ltr'>(fuitne</span> <span class='ocrx_word' id='word_1_262' title='bbox 1249 2314 1280 2348; x_wconf 88' lang='lat' dir='ltr'>is</span> <span class='ocrx_word' id='word_1_263' title='bbox 1295 2312 1328 2356; x_wconf 81' lang='lat'>?)</span> <span class='ocrx_word' id='word_1_264' title='bbox 1348 2314 1383 2347; x_wconf 81' lang='lat' dir='ltr'><strong><em>A</em></strong></span> <span class='ocrx_word' id='word_1_265' title='bbox 1404 2313 1623 2348; x_wconf 81' lang='lat' dir='ltr'>exhilaratus</span> <span class='ocrx_word' id='word_1_266' title='bbox 1646 2323 1676 2346; x_wconf 88' lang='lat' dir='ltr'><em>m</em></span> 
     </span>
     <span class='ocr_line' id='line_1_33' title="bbox 146 2370 1676 2418; baseline -0.002 -9"><span class='ocrx_word' id='word_1_267' title='bbox 146 2376 167 2410; x_wconf 81' lang='lat'><strong>7</strong></span> <span class='ocrx_word' id='word_1_268' title='bbox 194 2375 280 2409; x_wconf 86' lang='lat' dir='ltr'>item</span> <span class='ocrx_word' id='word_1_269' title='bbox 307 2374 354 2408; x_wconf 84' lang='grc' dir='ltr'>Ρι</span> <span class='ocrx_word' id='word_1_270' title='bbox 451 2374 472 2408; x_wconf 86' lang='grc'>8</span> <span class='ocrx_word' id='word_1_271' title='bbox 497 2372 630 2408; x_wconf 80' lang='lat' dir='ltr'>inuidit</span> <span class='ocrx_word' id='word_1_272' title='bbox 655 2373 698 2408; x_wconf 88' lang='lat' dir='ltr'><em>H</em></span> <span class='ocrx_word' id='word_1_273' title='bbox 718 2374 845 2418; x_wconf 79' lang='lat' dir='ltr'>(postr.</span> <span class='ocrx_word' id='word_1_274' title='bbox 871 2373 882 2407; x_wconf 80' lang='lat' dir='ltr'>i</span> <span class='ocrx_word' id='word_1_275' title='bbox 911 2384 944 2407; x_wconf 72' lang='grc' dir='ltr'>(ι,</span> <span class='ocrx_word' id='word_1_276' title='bbox 973 2385 1017 2408; x_wconf 88' lang='lat' dir='ltr'>m.</span> <span class='ocrx_word' id='word_1_277' title='bbox 1044 2374 1083 2408; x_wconf 85' lang='lat' dir='ltr'>in</span> <span class='ocrx_word' id='word_1_278' title='bbox 1110 2377 1199 2415; x_wconf 80' lang='lat' dir='ltr'>ras.)</span> <span class='ocrx_word' id='word_1_279' title='bbox 1225 2372 1300 2407; x_wconf 88' lang='lat' dir='ltr'>PE</span> <span class='ocrx_word' id='word_1_280' title='bbox 1417 2370 1676 2407; x_wconf 79' lang='lat' dir='ltr'>exhortandum</span> 
     </span>
     <span class='ocr_line' id='line_1_34' title="bbox 147 2430 1674 2474; baseline -0.003 -6"><span class='ocrx_word' id='word_1_281' title='bbox 147 2433 262 2468; x_wconf 89' lang='lat' dir='ltr'>HPE</span> <span class='ocrx_word' id='word_1_282' title='bbox 286 2432 484 2468; x_wconf 71' lang='lat' dir='ltr'>extundam.</span> <span class='ocrx_word' id='word_1_283' title='bbox 511 2444 556 2467; x_wconf 87' lang='lat' dir='ltr'>m.</span> <span class='ocrx_word' id='word_1_284' title='bbox 584 2435 609 2467; x_wconf 86' lang='grc'><em>2</em></span> <span class='ocrx_word' id='word_1_285' title='bbox 635 2431 859 2467; x_wconf 79' lang='lat' dir='ltr'>excitandam</span> <span class='ocrx_word' id='word_1_286' title='bbox 887 2433 921 2466; x_wconf 92' lang='lat' dir='ltr'><strong><em>A</em></strong></span> <span class='ocrx_word' id='word_1_287' title='bbox 1020 2431 1153 2473; x_wconf 83' lang='lat' dir='ltr'>creddi,</span> <span class='ocrx_word' id='word_1_288' title='bbox 1180 2443 1225 2466; x_wconf 89' lang='lat' dir='ltr'>m.</span> <span class='ocrx_word' id='word_1_289' title='bbox 1253 2434 1278 2466; x_wconf 92' lang='grc'><em>2</em></span> <span class='ocrx_word' id='word_1_290' title='bbox 1303 2431 1438 2466; x_wconf 87' lang='lat' dir='ltr'>credidi</span> <span class='ocrx_word' id='word_1_291' title='bbox 1465 2431 1500 2465; x_wconf 90' lang='lat' dir='ltr'><strong><em>A</em></strong></span> <span class='ocrx_word' id='word_1_292' title='bbox 1574 2430 1595 2464; x_wconf 90' lang='lat'>9</span> <span class='ocrx_word' id='word_1_293' title='bbox 1623 2431 1674 2474; x_wconf 77' lang='lat' dir='ltr'>et]</span> 
     </span>
     <span class='ocr_line' id='line_1_35' title="bbox 149 2489 1679 2536; baseline -0.002 -10"><span class='ocrx_word' id='word_1_294' title='bbox 149 2503 189 2527; x_wconf 83' lang='lat' dir='ltr'>ac</span> <span class='ocrx_word' id='word_1_295' title='bbox 215 2491 295 2527; x_wconf 87' lang='lat' dir='ltr'>HE</span> <span class='ocrx_word' id='word_1_296' title='bbox 315 2503 381 2526; x_wconf 81' lang='lat' dir='ltr'>sec.</span> <span class='ocrx_word' id='word_1_297' title='bbox 408 2503 442 2526; x_wconf 80' lang='lat' dir='ltr'>u.</span> <span class='ocrx_word' id='word_1_298' title='bbox 471 2493 515 2532; x_wconf 85' lang='lat'>2,·</span> <span class='ocrx_word' id='word_1_299' title='bbox 538 2491 604 2526; x_wconf 76' lang='lat' dir='ltr'>sed</span> <span class='ocrx_word' id='word_1_300' title='bbox 628 2492 672 2534; x_wconf 80' lang='lat' dir='ltr'>cf.</span> <span class='ocrx_word' id='word_1_301' title='bbox 696 2502 734 2535; x_wconf 81' lang='lat' dir='ltr'>p.</span> <span class='ocrx_word' id='word_1_302' title='bbox 763 2493 824 2534; x_wconf 87' lang='grc'>29,</span> <span class='ocrx_word' id='word_1_303' title='bbox 852 2493 902 2525; x_wconf 90' lang='grc'>12</span> <span class='ocrx_word' id='word_1_304' title='bbox 1025 2492 1067 2526; x_wconf 91' lang='grc'>10</span> <span class='ocrx_word' id='word_1_305' title='bbox 1093 2491 1265 2536; x_wconf 76' lang='lat' dir='ltr'>loquitur,</span> <span class='ocrx_word' id='word_1_306' title='bbox 1298 2502 1343 2525; x_wconf 89' lang='lat' dir='ltr'>m.</span> <span class='ocrx_word' id='word_1_307' title='bbox 1370 2493 1390 2524; x_wconf 90' lang='lat'><em>1</em></span> <span class='ocrx_word' id='word_1_308' title='bbox 1421 2501 1512 2526; x_wconf 82' lang='lat' dir='ltr'>corr.</span> <span class='ocrx_word' id='word_1_309' title='bbox 1546 2489 1679 2533; x_wconf 82' lang='lat' dir='ltr'>legitur</span> 
     </span>
     <span class='ocr_line' id='line_1_36' title="bbox 149 2546 1679 2592; baseline -0.003 -6"><span class='ocrx_word' id='word_1_310' title='bbox 149 2550 199 2586; x_wconf 82' lang='lat' dir='ltr'>P²</span> <span class='ocrx_word' id='word_1_311' title='bbox 297 2552 336 2585; x_wconf 90' lang='lat'>11</span> <span class='ocrx_word' id='word_1_312' title='bbox 366 2550 507 2585; x_wconf 77' lang='lat' dir='ltr'>differes</span> <span class='ocrx_word' id='word_1_313' title='bbox 533 2551 558 2585; x_wconf 93' lang='grc' dir='ltr'><strong><em>Ι</em></strong></span> <span class='ocrx_word' id='word_1_314' title='bbox 688 2550 731 2584; x_wconf 86' lang='lat' dir='ltr'>de</span> <span class='ocrx_word' id='word_1_315' title='bbox 758 2549 836 2584; x_wconf 60' lang='lat' dir='ltr'>die*</span> <span class='ocrx_word' id='word_1_316' title='bbox 857 2550 882 2584; x_wconf 97' lang='lat' dir='ltr'><strong><em>I</em></strong></span> <span class='ocrx_word' id='word_1_317' title='bbox 978 2550 1020 2584; x_wconf 81' lang='lat'>12</span> <span class='ocrx_word' id='word_1_318' title='bbox 1046 2549 1202 2592; x_wconf 82' lang='lat' dir='ltr'>uobisse,</span> <span class='ocrx_word' id='word_1_319' title='bbox 1228 2561 1272 2584; x_wconf 86' lang='lat' dir='ltr'>m.</span> <span class='ocrx_word' id='word_1_320' title='bbox 1301 2552 1320 2583; x_wconf 92' lang='lat'><em>1</em></span> <span class='ocrx_word' id='word_1_321' title='bbox 1349 2559 1439 2584; x_wconf 84' lang='lat' dir='ltr'>corr.</span> <span class='ocrx_word' id='word_1_322' title='bbox 1468 2548 1611 2582; x_wconf 84' lang='lat' dir='ltr'>uouisse</span> <span class='ocrx_word' id='word_1_323' title='bbox 1639 2546 1679 2581; x_wconf 87' lang='lat' dir='ltr'><em>H</em></span> 
     </span>
     <span class='ocr_line' id='line_1_37' title="bbox 147 2608 1677 2657; baseline -0.003 -13"><span class='ocrx_word' id='word_1_324' title='bbox 147 2611 304 2655; x_wconf 81' lang='lat' dir='ltr'>nouisse,</span> <span class='ocrx_word' id='word_1_325' title='bbox 330 2620 420 2645; x_wconf 84' lang='lat' dir='ltr'>corr.</span> <span class='ocrx_word' id='word_1_326' title='bbox 447 2613 504 2652; x_wconf 87' lang='lat' dir='ltr'>(m.</span> <span class='ocrx_word' id='word_1_327' title='bbox 532 2609 597 2652; x_wconf 82' lang='lat'>1?&gt;</span> <span class='ocrx_word' id='word_1_328' title='bbox 624 2609 765 2644; x_wconf 85' lang='lat' dir='ltr'>uouisse</span> <span class='ocrx_word' id='word_1_329' title='bbox 794 2608 843 2643; x_wconf 72' lang='lat'>12²</span> <span class='ocrx_word' id='word_1_330' title='bbox 867 2609 1001 2657; x_wconf 80' lang='lat' dir='ltr'>nouisti</span> <span class='ocrx_word' id='word_1_331' title='bbox 1031 2608 1061 2643; x_wconf 85' lang='lat' dir='ltr'><strong><em>C</em></strong></span> <span class='ocrx_word' id='word_1_332' title='bbox 1155 2608 1266 2653; x_wconf 81' lang='lat' dir='ltr'>nosti}</span> <span class='ocrx_word' id='word_1_333' title='bbox 1295 2619 1410 2645; x_wconf 80' lang='lat' dir='ltr'>nosse.</span> <span class='ocrx_word' id='word_1_334' title='bbox 1438 2619 1483 2641; x_wconf 84' lang='lat' dir='ltr'>m.</span> <span class='ocrx_word' id='word_1_335' title='bbox 1511 2609 1536 2640; x_wconf 89' lang='grc'><em>2</em></span> <span class='ocrx_word' id='word_1_336' title='bbox 1561 2617 1677 2650; x_wconf 70' lang='lat' dir='ltr'>supra</span> 
     </span>
     <span class='ocr_line' id='line_1_38' title="bbox 149 2665 1678 2713; baseline -0.004 -9"><span class='ocrx_word' id='word_1_337' title='bbox 149 2670 292 2704; x_wconf 84' lang='lat' dir='ltr'>uouisse</span> <span class='ocrx_word' id='word_1_338' title='bbox 322 2669 352 2703; x_wconf 83' lang='lat' dir='ltr'><em>C</em></span> <span class='ocrx_word' id='word_1_339' title='bbox 449 2671 491 2703; x_wconf 81' lang='lat'>13</span> <span class='ocrx_word' id='word_1_340' title='bbox 518 2668 642 2703; x_wconf 83' lang='lat' dir='ltr'>debita</span> <span class='ocrx_word' id='word_1_341' title='bbox 667 2671 703 2703; x_wconf 79' lang='lat' dir='ltr'>te</span> <span class='ocrx_word' id='word_1_342' title='bbox 730 2669 843 2713; x_wconf 78' lang='lat' dir='ltr'>exigit</span> <span class='ocrx_word' id='word_1_343' title='bbox 868 2667 909 2702; x_wconf 94' lang='lat' dir='ltr'><em>H</em></span> <span class='ocrx_word' id='word_1_344' title='bbox 934 2667 1058 2702; x_wconf 81' lang='lat' dir='ltr'>debita</span> <span class='ocrx_word' id='word_1_345' title='bbox 1085 2678 1105 2701; x_wconf 83' lang='lat' dir='ltr'>a</span> <span class='ocrx_word' id='word_1_346' title='bbox 1131 2670 1166 2702; x_wconf 82' lang='lat' dir='ltr'>te</span> <span class='ocrx_word' id='word_1_347' title='bbox 1195 2667 1307 2711; x_wconf 83' lang='lat' dir='ltr'>exigit</span> <span class='ocrx_word' id='word_1_348' title='bbox 1332 2667 1371 2702; x_wconf 88' lang='grc' dir='ltr'><em>Ε</em></span> <span class='ocrx_word' id='word_1_349' title='bbox 1483 2665 1678 2711; x_wconf 85' lang='lat' dir='ltr'>persoluat,</span> 
     </span>
     <span class='ocr_line' id='line_1_39' title="bbox 147 2722 1684 2772; baseline -0.004 -9"><span class='ocrx_word' id='word_1_350' title='bbox 147 2740 194 2763; x_wconf 87' lang='lat' dir='ltr'>m.</span> <span class='ocrx_word' id='word_1_351' title='bbox 218 2732 258 2762; x_wconf 73' lang='lat' dir='ltr'>u!</span> <span class='ocrx_word' id='word_1_352' title='bbox 285 2728 362 2763; x_wconf 80' lang='lat' dir='ltr'>uid.</span> <span class='ocrx_word' id='word_1_353' title='bbox 390 2731 407 2762; x_wconf 94' lang='lat'><strong><em>1</em></strong></span> <span class='ocrx_word' id='word_1_354' title='bbox 433 2739 523 2763; x_wconf 84' lang='lat' dir='ltr'>corr.</span> <span class='ocrx_word' id='word_1_355' title='bbox 551 2727 726 2772; x_wconf 80' lang='lat' dir='ltr'>persoluit</span> <span class='ocrx_word' id='word_1_356' title='bbox 751 2727 794 2761; x_wconf 88' lang='lat' dir='ltr'><em>H</em></span> <span class='ocrx_word' id='word_1_357' title='bbox 940 2727 980 2761; x_wconf 85' lang='lat'>14</span> <span class='ocrx_word' id='word_1_358' title='bbox 1008 2726 1131 2760; x_wconf 84' lang='lat' dir='ltr'>uouite</span> <span class='ocrx_word' id='word_1_359' title='bbox 1157 2725 1206 2760; x_wconf 83' lang='lat' dir='ltr'>P¹</span> <span class='ocrx_word' id='word_1_360' title='bbox 1231 2726 1290 2771; x_wconf 82' lang='lat' dir='ltr'>(m.</span> <span class='ocrx_word' id='word_1_361' title='bbox 1320 2729 1338 2759; x_wconf 91' lang='lat'><em>1</em></span> <span class='ocrx_word' id='word_1_362' title='bbox 1366 2736 1457 2760; x_wconf 84' lang='lat' dir='ltr'>corr.</span> <span class='ocrx_word' id='word_1_363' title='bbox 1484 2727 1630 2764; x_wconf 83' lang='lat' dir='ltr'>uouete)</span> <span class='ocrx_word' id='word_1_364' title='bbox 1658 2722 1684 2757; x_wconf 91' lang='lat' dir='ltr'><strong><em>I</em></strong></span> 
     </span>
    </p>
   </div>
   <div class='ocr_carea' id='block_1_9' title="bbox 146 2781 1629 2884">
    <p class='ocr_par' dir='ltr' id='par_1_16' title="bbox 146 2781 1629 2884">
     <span class='ocr_line' id='line_1_40' title="bbox 146 2781 1607 2829; baseline -0.005 -8"><span class='ocrx_word' id='word_1_365' title='bbox 146 2790 253 2829; x_wconf 84' lang='lat' dir='ltr'>(corr.</span> <span class='ocrx_word' id='word_1_366' title='bbox 281 2790 426 2829; x_wconf 78' lang='lat' dir='ltr'>uouete)</span> <span class='ocrx_word' id='word_1_367' title='bbox 525 2789 646 2821; x_wconf 84' lang='lat' dir='ltr'>uestro</span> <span class='ocrx_word' id='word_1_368' title='bbox 673 2785 915 2820; x_wconf 62' lang='grc' dir='ltr'>ΡῑΙῦΙΑζῬ2</span> <span class='ocrx_word' id='word_1_369' title='bbox 940 2785 1020 2820; x_wconf 82' lang='lat' dir='ltr'>edd.</span> <span class='ocrx_word' id='word_1_370' title='bbox 1046 2795 1113 2820; x_wconf 85' lang='lat' dir='ltr'>sec.</span> <span class='ocrx_word' id='word_1_371' title='bbox 1148 2784 1250 2829; x_wconf 74' lang='lat' dir='ltr'><strong><em>Vuzy.</em></strong></span> <span class='ocrx_word' id='word_1_372' title='bbox 1279 2783 1465 2828; x_wconf 72' lang='lat' dir='ltr'>(Septuay.</span> <span class='ocrx_word' id='word_1_373' title='bbox 1493 2781 1607 2827; x_wconf 76' lang='grc' dir='ltr'>ἡμῶν)</span> 
     </span>
     <span class='ocr_line' id='line_1_41' title="bbox 1587 2851 1629 2884; baseline 0 -14"><span class='ocrx_word' id='word_1_374' title='bbox 1587 2851 1629 2884; x_wconf 69' lang='lat'>2*</span> 
     </span>
    </p>
   </div>
  </div>
 </body>
</html>
