1952 3118
47 1006 80 1032 1⁰

48 1359 80 1386 1⁶

608 221 957 266 epistularum
999 221 1151 257 CLXIV.
1548 225 1632 266 527

105 354 146 393 et
184 351 234 393 de
271 351 366 392 istis
405 353 569 392 tantum
609 350 773 392 duobus
813 350 972 392 dictum
1021 352 1152 392 fuisse
1198 351 1260 392 illi
1307 352 1449 393 diuiti:
1496 353 1637 394 Inter

105 435 190 464 nos
230 424 276 462 et
316 434 403 462 uos
453 421 603 462 chaos
649 433 877 475 magnum
923 421 1177 462 firmatum
1212 424 1304 470 est,
1349 426 1400 463 ut
1442 423 1503 473 hi,
1550 423 1634 477 qui

104 493 295 542 uolunt,
337 493 451 533 hine
490 492 706 533 transire
746 492 803 532 ad
837 505 924 533 uos
959 505 1050 534 non
1083 494 1286 546 possint
1325 507 1481 547 neque
1522 494 1635 536 inde

104 564 195 605 huo
229 566 550 611 transmeare,
584 563 725 604 nescio
758 566 901 604 utrum
936 564 1159 616 quisquam
1188 565 1256 611 sit,
1292 565 1360 606 oui
1387 578 1465 606 non
1496 565 1634 607 uidea-

105 639 173 675 tur
199 633 439 675 absurdum.
466 647 587 687 porro
617 634 651 674 si
679 634 821 686 plures
850 646 975 686 quam
1003 634 1084 676 duo
1113 635 1171 675 ibi
1199 638 1330 685 erant⁷
1359 636 1453 689 quis
1481 636 1634 677 audeat

104 705 239 746 dicere
290 718 371 745 non
422 704 481 746 ibi
531 704 664 746 fuisse
710 704 966 758 patriarchas
1014 708 1056 746 et
1099 705 1341 759 prophetas,
1394 707 1547 759 quibus
1592 707 1633 747 in

105 776 311 829 scriptura
355 776 421 816 dei
465 775 653 816 iustitiae
697 775 955 829 pietatisque
999 780 1085 817 tam
1131 777 1297 831 insigne
1342 777 1633 818 testimonium

103 847 371 901 perhibetur?
423 847 523 900 quid
574 846 639 888 his
693 859 790 901 ergo
841 847 1112 899 praestiterit,
1164 848 1235 900 qui
1286 847 1451 890 dolores
1506 848 1638 889 soluit

103 919 264 961 inferni.
297 917 337 958 in
373 918 526 971 quibus
559 917 622 958 illi
655 930 735 959 non
770 918 952 967 fuerunt,
985 918 1169 959 nondum
1202 918 1417 971 intellego,
1452 931 1635 971 praeser-

104 990 178 1031 tim
224 989 322 1042 quia
365 1002 415 1030 ne
460 989 576 1041 ipsos
622 988 789 1041 quidem
836 989 990 1029 inferos
1036 989 1198 1041 uspiam
1246 988 1548 1042 scripturarum
1594 989 1633 1029 in

104 1062 211 1102 bono
250 1061 483 1113 appellatos
521 1060 640 1112 potui
685 1060 877 1112 reperire.
925 1059 1035 1112 quod
1076 1060 1109 1100 si
1150 1072 1357 1113 nusquam
1397 1060 1437 1100 in
1479 1060 1635 1101 diuinis

105 1131 426 1172 auetoritatibus
466 1131 633 1186 legitur,
675 1143 753 1172 non
794 1131 940 1183 utique
981 1131 1097 1171 sinus
1137 1131 1209 1171 ille
1248 1131 1455 1180 Abrahae,
1494 1131 1537 1172 id
1571 1136 1637 1172 est

106 1206 289 1243 secretae
322 1201 542 1243 cuiusdam
577 1202 730 1254 quietis
766 1201 968 1242 habitatio
997 1202 1138 1255 aliqua
1163 1215 1259 1255 pars
1286 1202 1515 1243 inferorum
1544 1215 1636 1243 esse

106 1273 307 1315 credenda
347 1277 423 1314 est.
470 1286 724 1326 quamquam
766 1273 805 1313 in
846 1273 910 1313 his
950 1273 1054 1326 ipsis
1094 1273 1201 1314 tanti
1246 1272 1439 1327 magistri
1478 1273 1633 1321 uerbis,

105 1345 176 1386 ubi
204 1345 261 1386 ait
288 1344 441 1386 dixisse
468 1345 697 1385 Abraham:
731 1345 867 1385 Inter
899 1357 984 1385 nos
1021 1347 1067 1385 et
1099 1357 1185 1386 uos
1221 1345 1371 1386 chaos
1404 1357 1633 1400 magnum

106 1416 358 1457 firmatum
393 1419 481 1465 est,
522 1415 639 1463 satis,
674 1419 720 1456 ut
754 1416 910 1468 opinor,
952 1419 1150 1469 appareat
1182 1428 1261 1456 non
1298 1428 1390 1457 esse
1424 1415 1632 1469 quandam

106 1491 263 1540 partem
304 1492 345 1528 et
383 1487 503 1540 quasi
543 1486 776 1527 membrum
816 1486 1043 1528 inferorum
1083 1490 1222 1528 tantae
1260 1486 1377 1528 illius
1416 1486 1636 1528 felicitatis

107 1558 258 1599 sinum.
311 1558 437 1599 chaos
489 1558 598 1599 enim
650 1570 850 1612 magnum
897 1558 996 1611 quid
1042 1561 1106 1599 est
1151 1558 1232 1599 nisi
1277 1558 1444 1611 quidam
1492 1557 1633 1598 hiatus

106 1630 286 1671 multum
321 1643 368 1671 ea
401 1642 611 1682 separans,
651 1629 758 1670 inter
789 1641 897 1682 quae
930 1643 1008 1671 non
1043 1631 1180 1671 solum
1216 1633 1293 1678 est,
1328 1642 1474 1670 uerum
1509 1629 1635 1670 etiam

108 1700 297 1741 firmatus
331 1703 423 1741 est?
459 1703 712 1754 quapropter
739 1700 773 1740 si
799 1700 839 1741 in
874 1700 995 1741 illum
1023 1700 1213 1741 Abrahae
1247 1700 1385 1741 sinum
1419 1699 1634 1741 Christum

108 1774 320 1812 mortuum
347 1771 514 1812 uenisse
542 1774 686 1812 sancta
714 1771 922 1825 scriptura
948 1771 1122 1812 dixisset
1143 1784 1221 1813 non
1244 1771 1456 1812 nominato
1477 1771 1638 1811 inferno

109 1843 279 1896 eiusque
313 1842 542 1893 doloribus,
576 1843 716 1891 miror,
751 1842 786 1882 si
813 1843 1036 1896 quisquam
1066 1842 1116 1883 ad
1148 1843 1303 1884 inferos
1338 1855 1433 1883 eum
1468 1841 1635 1882 descen-

109 1913 220 1955 disse
253 1913 441 1954 adserere
475 1913 657 1955 auderet.

168 1985 247 2026 Sed
283 1985 379 2038 quia
412 1985 621 2026 euidentia
654 1984 898 2026 testimonia
926 1987 967 2025 et
993 1985 1199 2026 infernum
1234 1987 1561 2026 commemorant
1595 1986 1637 2024 et

110 2055 286 2105 dolores,
332 2057 445 2097 nulla
485 2069 611 2098 causa
650 2057 843 2105 occurrit,
890 2069 963 2097 cur
1001 2056 1073 2097 illo
1114 2055 1307 2097 credatur
1350 2055 1517 2097 uenisse
1557 2054 1634 2096 sal-

231 2208 243 2240 1
279 2207 357 2241 Luc.
387 2207 439 2245 16,
467 2206 511 2240 ‘26

160 2291 173 2324 1
204 2291 282 2324 istis
311 2294 420 2335 (post,
448 2291 456 2323 i
486 2302 528 2324 ea:
556 2301 626 2326 ras.
655 2294 686 2324 et
715 2300 819 2325 corr.>
849 2289 896 2323 ΠΙ
977 2290 998 2322 ‘2
1026 2300 1089 2323 uos
1118 2292 1154 2323 et
1181 2300 1245 2323 nos
1272 2288 1350 2324 edd.
1379 2292 1410 2322 et
1436 2289 1473 2322 in
1503 2289 1632 2332 repeti-

112 2349 206 2383 tione
231 2349 339 2383 huius
366 2350 436 2383 loci
456 2361 494 2393 p.
524 2351 611 2385 522.
640 2350 687 2382 18
714 2349 749 2382 Ρ
892 2348 999 2382 chaus
1026 2348 1097 2382 FP
1120 2350 1179 2391 (m.
1207 2350 1232 2382 2
1259 2348 1381 2390 chaos)
1409 2350 1444 2381 et
1471 2347 1578 2381 chaos
1608 2347 1638 2380 C

157 2408 340 2442 firmanum
370 2410 402 2442 A
477 2409 501 2442 ii
519 2409 648 2452 flrm
719 2409 738 2441 :3
765 2408 846 2441 hinc
875 2409 912 2441 in
941 2408 1152 2452 repeticione
1177 2407 1288 2441 huius
1315 2407 1385 2441 loci
1403 2418 1444 2451 p.
1475 2408 1560 2445 522,
1590 2408 1636 2439 18

112 2477 176 2501 om.
203 2466 274 2501 PG
360 2471 510 2512 possunt
536 2467 609 2502 AG
637 2470 695 2510 (m.
726 2470 750 2501 2
776 2468 929 2511 possint)
1005 2468 1027 2500 4
1052 2466 1144 2500 hunc
1173 2478 1209 2501 <n
1237 2467 1330 2509 exp.)
1356 2467 1393 2499 in
1423 2464 1635 2509 repetitione

111 2525 219 2560 huius
249 2526 320 2560 loci
340 2537 378 2570 p.
410 2528 496 2562 522.
525 2528 574 2559 18
600 2526 634 2559 Ρ
756 2526 774 2559 7
809 2525 995 2569 scripturis
1028 2525 1064 2558 P
1094 2526 1148 2568 (in
1180 2525 1391 2569 repetitione
1422 2524 1531 2557 huius
1564 2523 1634 2557 loci

109 2596 146 2628 p.
175 2587 261 2624 522,
291 2588 338 2620 18
363 2585 553 2630 scriptura)
641 2586 661 2619 >3
689 2585 822 2619 solores
850 2587 883 2619 A
978 2585 1020 2619 10
1046 2585 1080 2618 in
1109 2584 1220 2618 bonos
1252 2584 1281 2617 C
1305 2584 1392 2618 locis
1420 2583 1453 2616 in
1482 2582 1574 2616 bono
1603 2582 1639 2615 P

116 2643 153 2677 11
183 2645 210 2678 si
238 2645 433 2689 nusquam}
463 2644 560 2677 sinus
588 2645 647 2688 qui
680 2644 709 2678 C
826 2645 866 2677 15
892 2655 955 2677 uos
983 2647 1019 2677 et
1045 2655 1108 2677 nos
1136 2644 1168 2677 A
1203 2643 1283 2677 edd.
1430 2641 1539 2675 chaus
1566 2640 1638 2674 FP

113 2703 170 2745 (m.
199 2704 224 2735 2
250 2703 370 2745 chaos)
473 2704 512 2737 16
540 2703 606 2747 est]
631 2695 674 2737 ee
702 2703 736 2736 P
832 2709 980 2748 apparet
1006 2702 1051 2736 M
1152 2703 1191 2736 17
1221 2702 1292 2735 illis
1323 2702 1352 2734 C
1445 2701 1486 2734 18
1514 2700 1634 2743 chaus,

114 2771 157 2794 m.
185 2763 210 2794 2
235 2761 339 2796 chaos
367 2763 401 2796 P
426 2773 567 2796 causrna
593 2762 632 2796 F
734 2762 888 2799 habitus,
916 2773 960 2796 m.
989 2765 1007 2795 1
1032 2772 1121 2796 corr.
1150 2761 1271 2795 hiatus
1303 2761 1332 2794 C
1418 2760 1459 2793 19
1486 2760 1632 2803 interq;‚

114 2830 157 2855 m.
186 2824 210 2854 2
235 2821 328 2855 inter
354 2833 444 2866 quae
475 2821 505 2855 G
606 2821 751 2856 uerbum
779 2833 810 2862 s;
840 2821 971 2855 aetiam
998 2820 1033 2854 P
1103 2821 1148 2855 20
1174 2820 1351 2854 firmatum
1378 2819 1408 2851 C
1430 2818 1581 2852 firmitus
1603 2819 1646 2852 P-
