1924 3122
681 206 792 250 epis
808 209 823 239 t
838 205 884 239 ul
902 217 920 239 a
938 217 1035 239 rum
1076 205 1177 242 CXL.
1616 207 1697 247 19ῑί

167 337 384 387 ‘roremque
418 347 541 375 suum
576 334 767 375 accendit
798 334 837 375 in
872 348 916 376 se
950 335 1081 389 gratia
1111 335 1284 389 spiritus
1313 335 1378 376 sui
1406 335 1560 383 sancti;
1597 336 1696 388 quid

168 404 275 445 enim
310 404 424 445 aliud
458 410 522 445 est
555 403 764 445 canticum
799 417 957 445 nouum
990 418 1113 458 quam
1149 406 1240 446 laus
1273 405 1367 446 dei?

3 471 94 513 145
227 475 414 528 Denique
448 475 640 527 sequitur
673 477 714 515 et
746 474 986 516 euidentius
1020 476 1097 516 hoc
1132 475 1404 518 demonstrat.
1448 489 1543 518 cum
1583 477 1692 517 enim

166 546 357 587 dixisset:
397 545 635 587 Narrabo
676 557 862 587 nomeu
908 550 1055 587 tuum
1094 547 1366 588 fratribus
1410 547 1555 597 meis,
1597 549 1694 601 quia

126 616 315 661 sdeum
356 629 502 657 nenio
544 615 687 657 uidit
726 629 983 669 umquam,
1024 617 1113 658 sed
1153 618 1475 671 unigenitus
1516 618 1694 661 filius.

165 688 251 740 qui
280 690 361 727 est
389 687 436 727 in
466 687 585 728 sinu
607 687 794 741 patris,
818 687 933 740 ipse
956 688 1244 738 enarrauit⁷
1266 691 1392 741 atque
1413 689 1691 731 adiunxisset:

162 759 212 799 In
241 758 412 799 medio
442 758 713 799 ecclesiae
741 759 969 800 cantabo
997 763 1060 801 te.
1083 771 1163 812 quo
1186 759 1309 801 modo
1332 760 1532 811 cantauit,
1560 761 1601 802 id
1629 764 1694 803 est

162 829 259 882 quia
284 830 324 870 in
353 829 472 871 nobis
501 830 699 879 cantauit,
722 842 816 871 cum
844 830 1086 883 proficimus
1107 831 1147 871 in
1170 831 1349 874 nomine.
1372 831 1481 884 quod
1510 832 1693 873 narrauit

160 900 359 941 fratribus
393 901 495 942 suis.
530 903 572 942 et
603 901 701 953 quia
731 901 899 942 laudem
933 901 999 942 dei
1033 902 1220 943 cantauit
1251 902 1291 942 in
1326 902 1461 953 nobis,
1495 903 1691 944 continuo

105 991 137 1016 10
162 971 453 1013 manifestauit
503 971 665 1013 dicens:
713 970 811 1022 Qui
869 972 1082 1013 timetis
1135 972 1418 1023 dominum,
1470 973 1691 1015 laudate

161 1055 287 1083 eum.
322 1043 414 1095 quis
454 1044 593 1083 autem
635 1043 838 1098 ueraciter
875 1043 1032 1084 laudat.
1067 1043 1148 1084 nisi
1186 1043 1258 1096 qui
1297 1043 1512 1086 sinceriter
1551 1046 1691 1086 amat?

161 1113 405 1154 tantundem
458 1117 522 1154 est
572 1127 684 1168 ergo,
731 1127 777 1155 ac
830 1114 864 1154 si
905 1114 1079 1156 diceret:
1126 1114 1207 1165 Qui
1251 1115 1414 1156 timetis
1459 1115 1689 1166 dominum,

160 1187 295 1226 amate
329 1198 435 1226 eum.
470 1185 610 1226 dixit
642 1186 750 1227 enim
791 1186 1005 1236 homini,
1047 1186 1157 1227 sicut
1196 1186 1400 1240 scriptum
1441 1190 1518 1238 est,
1554 1188 1690 1229 ‘ecce

159 1255 336 1309 pietas
389 1259 469 1297 est
520 1257 822 1309 sapientia'.
862 1270 981 1310 porro
1027 1257 1161 1310 pietas
1208 1258 1350 1299 cultus
1395 1257 1461 1299 dei
1507 1261 1572 1299 est
1616 1271 1689 1300 nec

102 1347 134 1373 15
160 1327 313 1368 colitur
344 1327 414 1368 ille
449 1327 526 1368 nisi
562 1328 752 1369 amando.
787 1341 953 1369 summa
991 1328 1123 1382 igitur
1162 1332 1203 1369 et
1241 1341 1341 1369 uera
1381 1329 1588 1382 sapientia
1626 1332 1692 1370 est

157 1398 195 1438 in
231 1402 452 1451 praecepto
486 1399 559 1440 illo
593 1399 746 1452 primo:
787 1399 1002 1454 Diliges
1043 1399 1311 1441 dominum
1353 1399 1502 1440 deum
1538 1403 1688 1441 tuum

159 1482 212 1511 ex
263 1473 376 1511 toto
429 1471 583 1511 corde
634 1473 725 1511 tuo
778 1473 828 1511 et
878 1484 931 1512 ex
983 1474 1099 1513 tota
1149 1472 1318 1512 anima
1373 1476 1475 1521 tua,
1523 1483 1568 1512 ac
1617 1484 1690 1525 per

158 1541 234 1582 hoc
267 1541 470 1594 sapientia
514 1544 576 1582 est
623 1543 773 1583 caritas
819 1542 884 1583 dei
930 1555 1003 1583 nec
1042 1542 1290 1584 diffunditur
1332 1543 1383 1583 in
1431 1542 1688 1584 cordibus

157 1612 362 1653 nostris
403 1612 484 1653 nisi
525 1625 614 1664 per
660 1613 914 1665 spiritum
960 1616 1218 1656 sanctum.
1259 1614 1346 1666 qui
1394 1613 1553 1654 datus
1605 1617 1687 1655 est

100 1683 324 1727 20n0bis.
378 1683 592 1724 initium
639 1688 780 1725 autem
827 1683 1134 1737 sapientiae
1185 1684 1346 1725 timor
1396 1684 1598 1725 domini
1646 1688 1687 1726 et

158 1754 317 1795 timor
367 1767 460 1795 non
514 1757 594 1795 est
646 1755 694 1795 in
747 1756 992 1804 caritate,
1040 1755 1129 1796 sed
1180 1756 1427 1809 perfecta
1480 1756 1684 1797 caritas

158 1826 300 1866 foras
346 1826 521 1866 mittit
565 1826 822 1868 timorem.
864 1826 1033 1880 proinde
1073 1827 1330 1880 praemissus
1371 1827 1498 1868 timor
1535 1827 1575 1868 in
1616 1840 1686 1868 cor

157 1898 345 1937 nostrum
379 1896 498 1950 pellit
528 1897 624 1938 inde
658 1897 1003 1939 consuetudinem
1038 1899 1241 1939 malorum
1271 1911 1442 1951 operum
1470 1901 1511 1939 et
1544 1905 1684 1939 seruat

158 1967 318 2008 caritati
344 1968 500 2008 locum.
530 1981 610 2021 qua
644 1972 855 2022 tamquam
892 1969 1058 2009 domina
1091 1969 1299 2010 ueniente.
1332 1972 1379 2009 ut
1410 1968 1483 2009 illa
1514 1969 1683 2012 insidat.

99 2055 132 2082 τε)
158 2038 355 2080 abscedit.

274 2191 293 2222 4
322 2189 378 2223 Psi
407 2190 462 2226 21,
490 2190 534 2223 ‘23
657 2192 676 2223 ἴ)
705 2190 781 2224 Ioh.
812 2191 840 2233 1,
871 2192 911 2224 lg»
1015 2191 1056 2225 10
1084 2192 1141 2225 l's.
1167 2191 1224 2234 21,
1251 2192 1295 2224 ‘24
1392 2191 1433 2224 13
1463 2191 1523 2225 Iob
1551 2192 1607 2225 28.
1636 2192 1680 2224 28

160 2247 200 2280 16
228 2247 357 2282 Matth.
384 2248 440 2282 22.
462 2249 524 2289 37;
552 2248 636 2282 Luc.
667 2249 720 2290 10,
748 2249 810 2285 27:
838 2249 944 2283 Dent.
972 2250 1003 2291 (ἱ,
1032 2251 1052 2281 Γ)
1172 2250 1214 2282 18
1241 2249 1341 2283 Rom.
1370 2251 1404 2291 ἴ),
1430 2250 1450 2281 Γ»
1550 2249 1596 2284 20
1622 2249 1679 2282 Ps.

160 2307 235 2349 110,
265 2307 307 2340 10
380 2307 422 2340 21
453 2307 467 2340 1
495 2307 570 2341 1011.
597 2308 629 2346 4,
661 2308 701 2341 l&

205 2390 218 2423 1
249 2390 362 2423 sancti
390 2390 537 2434 spiritus
565 2390 618 2423 sui
644 2390 679 2424 R
707 2390 855 2435 spiritus
882 2391 996 2424 sancti
1024 2390 1077 2424 sui
1109 2390 1141 2424 T
1165 2391 1312 2435 spiritus
1339 2391 1455 2424 sancti
1482 2391 1522 2424 N
1569 2392 1589 2424 2
1617 2401 1679 2423 uo-

157 2458 237 2482 uum
264 2449 328 2491 bis,
355 2449 509 2482 alterum
537 2449 603 2482 dez.
632 2449 664 2482 L
810 2450 830 2482 3
857 2449 923 2483 hoc
951 2449 1156 2483 euidentius
1186 2450 1263 2484 edd.
1411 2452 1431 2482 (ἰ
1459 2449 1619 2483 narrauit
1645 2449 1680 2482 Ji’

157 2506 175 2539 7
203 2511 238 2540 te
265 2518 330 2543 om,
362 2507 434 2540 GT
530 2507 565 2540 id
593 2514 645 2541 est
674 2519 739 2542 om.
773 2508 802 2541 Ο
899 2509 920 2541 8
947 2508 1021 2552 qui.
1047 2520 1089 2544 m.
1118 2511 1138 2542 1
1166 2518 1255 2543 corr.
1284 2508 1368 2553 quia
1399 2508 1430 2541 T
1526 2507 1677 2551 profeci-

155 2576 231 2599 mus
263 2565 295 2599 T
365 2567 385 2600 9
413 2567 446 2599 in
475 2567 578 2600 nobis
606 2568 775 2601 continuo
802 2567 1050 2601 manifestauit
1075 2568 1110 2601 in
1136 2567 1240 2601 nobis
1267 2567 1388 2601 dicens
1420 2567 1450 2599 Τ
1528 2567 1565 2598 12
1593 2577 1678 2609 ergo

157 2628 210 2658 est
236 2624 454 2668 RTflrm
543 2627 583 2659 17
613 2627 667 2670 acl
696 2626 762 2660 hac
789 2627 821 2660 L
910 2627 953 2660 19
979 2627 1109 2660 uestris
1135 2627 1171 2661 R
1256 2627 1301 2660 20
1329 2631 1448 2660 autem
1475 2637 1554 2659 om..
1583 2636 1625 2657 m.
1655 2628 1679 2657 2

157 2683 241 2717 add.
274 2684 300 2717 l,
398 2686 442 2718 22
476 2685 691 2729 praemissus
718 2697 762 2719 ex
787 2697 876 2720 corr.
904 2692 962 2726 (m.
991 2689 1009 2720 1
1035 2683 1078 2729 ?),
1097 2686 1178 2729 sui!
1206 2686 1399 2731 promissus
1428 2684 1458 2717 L
1532 2684 1576 2716 23
1604 2694 1677 2717 ma-

155 2741 286 2776 lon-um
315 2743 345 2776 Ι,
456 2748 584 2783 seruet.
611 2755 655 2777 m.
684 2747 709 2778 2
734 2748 855 2778 seruat
882 2744 914 2778 L
1035 2746 1080 2778 24
1108 2745 1258 2778 cariture
1290 2744 1316 2776 Ι,
1423 2741 1578 2776 insideat
1607 2741 1680 2775 GT

156 2800 308 2835 inscidat
337 2802 367 2836 Ο
439 2802 483 2835 25
511 2803 682 2837 abscedat
713 2806 742 2835 ()

190 2882 354 2909 xxxxull
373 2885 449 2915 Aug.
470 2889 540 2910 sect.
557 2887 581 2910 ΙΙ
598 2893 665 2916 pars
680 2889 704 2911 3.
1591 2872 1630 2904 13
