<?xml version="1.0" encoding="UTF-8"?>
<!DOCTYPE html PUBLIC "-//W3C//DTD XHTML 1.0 Transitional//EN"
    "http://www.w3.org/TR/xhtml1/DTD/xhtml1-transitional.dtd">
<html xmlns="http://www.w3.org/1999/xhtml" xml:lang="en" lang="en">
 <head>
  <title>
</title>
<meta http-equiv="Content-Type" content="text/html;charset=utf-8" />
  <meta name='ocr-system' content='tesseract 3.04.00' />
  <meta name='ocr-capabilities' content='ocr_page ocr_carea ocr_par ocr_line ocrx_word'/>
</head>
<body>
  <div class='ocr_page' id='page_1' title='image "./corpusscriptorum44auguuoft_0037.png"; bbox 0 0 1844 3122; ppageno 0'>
   <div class='ocr_carea' id='block_1_1' title="bbox 31 963 124 1004">
    <p class='ocr_par' dir='ltr' id='par_1_1' title="bbox 31 963 124 1004">
     <span class='ocr_line' id='line_1_1' title="bbox 31 963 124 1004; baseline -0.022 0"><span class='ocrx_word' id='word_1_1' title='bbox 31 963 124 1004; x_wconf 84' lang='lat'>610</span> 
     </span>
    </p>
   </div>
   <div class='ocr_carea' id='block_1_2' title="bbox 85 1688 122 1713">
    <p class='ocr_par' dir='ltr' id='par_1_2' title="bbox 85 1688 122 1713">
     <span class='ocr_line' id='line_1_2' title="bbox 85 1688 122 1713; baseline 0.027 -1"><span class='ocrx_word' id='word_1_2' title='bbox 85 1688 122 1713; x_wconf 81' lang='grc'>20</span> 
     </span>
    </p>
   </div>
   <div class='ocr_carea' id='block_1_3' title="bbox 633 189 1675 236">
    <p class='ocr_par' dir='ltr' id='par_1_3' title="bbox 633 189 1675 236">
     <span class='ocr_line' id='line_1_3' title="bbox 633 189 1675 236; baseline 0.009 -13"><span class='ocrx_word' id='word_1_3' title='bbox 633 190 986 236; x_wconf 70' lang='lat' dir='ltr'>epistularum</span> <span class='ocrx_word' id='word_1_4' title='bbox 1025 189 1200 226; x_wconf 77' lang='lat' dir='ltr'>CXXVII.</span> <span class='ocrx_word' id='word_1_5' title='bbox 1621 195 1675 235; x_wconf 71' lang='lat'>05</span> 
     </span>
    </p>
   </div>
   <div class='ocr_carea' id='block_1_4' title="bbox 1622 224 1646 235">
    <p class='ocr_par' dir='ltr' id='par_1_4' title="bbox 1622 224 1646 235">
     <span class='ocr_line' id='line_1_4' title="bbox 1622 224 1646 235; baseline 0 0"><span class='ocrx_word' id='word_1_6' title='bbox 1622 224 1646 235; x_wconf 70' lang='lat' dir='ltr'>—a</span> 
     </span>
    </p>
   </div>
   <div class='ocr_carea' id='block_1_5' title="bbox 148 320 1682 1300">
    <p class='ocr_par' dir='ltr' id='par_1_5' title="bbox 149 320 1680 943">
     <span class='ocr_line' id='line_1_5' title="bbox 151 320 1676 376; baseline 0.001 -14"><span class='ocrx_word' id='word_1_7' title='bbox 151 320 406 374; x_wconf 82' lang='lat' dir='ltr'>spiritum</span> <span class='ocrx_word' id='word_1_8' title='bbox 440 323 682 362; x_wconf 76' lang='lat' dir='ltr'>sanctuni</span> <span class='ocrx_word' id='word_1_9' title='bbox 719 320 951 362; x_wconf 87' lang='lat' dir='ltr'>caritate</span> <span class='ocrx_word' id='word_1_10' title='bbox 979 320 1028 361; x_wconf 90' lang='lat' dir='ltr'>in</span> <span class='ocrx_word' id='word_1_11' title='bbox 1062 320 1317 362; x_wconf 88' lang='lat' dir='ltr'><strong>cordibus</strong></span> <span class='ocrx_word' id='word_1_12' title='bbox 1352 322 1558 363; x_wconf 86' lang='lat' dir='ltr'>nostris</span> <span class='ocrx_word' id='word_1_13' title='bbox 1587 335 1676 376; x_wconf 89' lang='lat' dir='ltr'>pro-</span> 
     </span>
     <span class='ocr_line' id='line_1_6' title="bbox 151 390 1677 445; baseline 0.001 -13"><span class='ocrx_word' id='word_1_14' title='bbox 151 392 260 433; x_wconf 82' lang='lat' dir='ltr'>fecto</span> <span class='ocrx_word' id='word_1_15' title='bbox 294 391 515 439; x_wconf 75' lang='lat' dir='ltr'>amabitur,</span> <span class='ocrx_word' id='word_1_16' title='bbox 550 391 661 444; x_wconf 89' lang='lat' dir='ltr'>quod</span> <span class='ocrx_word' id='word_1_17' title='bbox 694 390 919 441; x_wconf 89' lang='lat' dir='ltr'>iubebitur,</span> <span class='ocrx_word' id='word_1_18' title='bbox 955 393 996 432; x_wconf 89' lang='lat' dir='ltr'>et</span> <span class='ocrx_word' id='word_1_19' title='bbox 1028 403 1106 432; x_wconf 91' lang='lat' dir='ltr'>non</span> <span class='ocrx_word' id='word_1_20' title='bbox 1141 390 1219 432; x_wconf 90' lang='lat' dir='ltr'>erit</span> <span class='ocrx_word' id='word_1_21' title='bbox 1251 404 1445 445; x_wconf 86' lang='lat' dir='ltr'>asperum</span> <span class='ocrx_word' id='word_1_22' title='bbox 1477 404 1552 434; x_wconf 85' lang='lat' dir='ltr'>nec</span> <span class='ocrx_word' id='word_1_23' title='bbox 1585 405 1677 434; x_wconf 91' lang='lat' dir='ltr'>one-</span> 
     </span>
     <span class='ocr_line' id='line_1_7' title="bbox 149 461 1676 518; baseline 0.001 -15"><span class='ocrx_word' id='word_1_24' title='bbox 149 475 306 511; x_wconf 84' lang='lat' dir='ltr'>rosum,</span> <span class='ocrx_word' id='word_1_25' title='bbox 336 462 370 503; x_wconf 90' lang='lat' dir='ltr'>si</span> <span class='ocrx_word' id='word_1_26' title='bbox 398 462 476 503; x_wconf 89' lang='lat' dir='ltr'>sub</span> <span class='ocrx_word' id='word_1_27' title='bbox 504 462 583 503; x_wconf 84' lang='lat' dir='ltr'>hoo</span> <span class='ocrx_word' id='word_1_28' title='bbox 609 475 690 503; x_wconf 89' lang='lat' dir='ltr'>uno</span> <span class='ocrx_word' id='word_1_29' title='bbox 724 461 822 516; x_wconf 88' lang='lat' dir='ltr'>iugo</span> <span class='ocrx_word' id='word_1_30' title='bbox 857 464 1010 515; x_wconf 86' lang='lat' dir='ltr'>quanto</span> <span class='ocrx_word' id='word_1_31' title='bbox 1044 462 1183 503; x_wconf 88' lang='lat' dir='ltr'>minus</span> <span class='ocrx_word' id='word_1_32' title='bbox 1210 462 1373 504; x_wconf 82' lang='lat' dir='ltr'>tumida</span> <span class='ocrx_word' id='word_1_33' title='bbox 1397 465 1513 504; x_wconf 85' lang='lat' dir='ltr'>tanto</span> <span class='ocrx_word' id='word_1_34' title='bbox 1542 464 1676 518; x_wconf 87' lang='lat' dir='ltr'>magis</span> 
     </span>
     <span class='ocr_line' id='line_1_8' title="bbox 150 533 1676 587; baseline 0.001 -13"><span class='ocrx_word' id='word_1_35' title='bbox 150 533 280 575; x_wconf 83' lang='lat' dir='ltr'>libera</span> <span class='ocrx_word' id='word_1_36' title='bbox 324 533 487 574; x_wconf 85' lang='lat' dir='ltr'>ceruice</span> <span class='ocrx_word' id='word_1_37' title='bbox 526 533 747 574; x_wconf 84' lang='lat' dir='ltr'>seruiatur.</span> <span class='ocrx_word' id='word_1_38' title='bbox 794 535 836 574; x_wconf 90' lang='lat' dir='ltr'>et</span> <span class='ocrx_word' id='word_1_39' title='bbox 874 533 976 574; x_wconf 77' lang='lat' dir='ltr'>haec</span> <span class='ocrx_word' id='word_1_40' title='bbox 1016 536 1082 574; x_wconf 90' lang='lat' dir='ltr'>est</span> <span class='ocrx_word' id='word_1_41' title='bbox 1119 545 1201 574; x_wconf 86' lang='lat' dir='ltr'>una</span> <span class='ocrx_word' id='word_1_42' title='bbox 1240 534 1412 585; x_wconf 82' lang='lat' dir='ltr'>sarcina,</span> <span class='ocrx_word' id='word_1_43' title='bbox 1461 547 1542 587; x_wconf 85' lang='lat' dir='ltr'>qua</span> <span class='ocrx_word' id='word_1_44' title='bbox 1586 535 1676 576; x_wconf 89' lang='lat' dir='ltr'>eius</span> 
     </span>
     <span class='ocr_line' id='line_1_9' title="bbox 149 604 1678 659; baseline 0.001 -14"><span class='ocrx_word' id='word_1_45' title='bbox 149 604 317 646; x_wconf 87' lang='lat' dir='ltr'>baiulus</span> <span class='ocrx_word' id='word_1_46' title='bbox 357 617 435 646; x_wconf 87' lang='lat' dir='ltr'>non</span> <span class='ocrx_word' id='word_1_47' title='bbox 468 604 685 658; x_wconf 86' lang='lat' dir='ltr'>premitur,</span> <span class='ocrx_word' id='word_1_48' title='bbox 726 604 799 646; x_wconf 89' lang='lat' dir='ltr'>sed</span> <span class='ocrx_word' id='word_1_49' title='bbox 830 605 1009 646; x_wconf 86' lang='lat' dir='ltr'>leuatur.</span> <span class='ocrx_word' id='word_1_50' title='bbox 1051 604 1226 646; x_wconf 82' lang='lat' dir='ltr'>diuitiae</span> <span class='ocrx_word' id='word_1_51' title='bbox 1260 605 1292 645; x_wconf 85' lang='lat' dir='ltr'>si</span> <span class='ocrx_word' id='word_1_52' title='bbox 1334 605 1582 659; x_wconf 88' lang='lat' dir='ltr'>diliguntur,</span> <span class='ocrx_word' id='word_1_53' title='bbox 1620 606 1678 647; x_wconf 88' lang='lat' dir='ltr'>ibi</span> 
     </span>
     <span class='ocr_line' id='line_1_10' title="bbox 153 675 1680 730; baseline 0.001 -14"><span class='ocrx_word' id='word_1_54' title='bbox 153 678 383 726; x_wconf 89' lang='lat' dir='ltr'>seruentur,</span> <span class='ocrx_word' id='word_1_55' title='bbox 430 675 502 716; x_wconf 90' lang='lat' dir='ltr'>ubi</span> <span class='ocrx_word' id='word_1_56' title='bbox 546 675 678 729; x_wconf 90' lang='lat' dir='ltr'>perire</span> <span class='ocrx_word' id='word_1_57' title='bbox 724 689 803 717; x_wconf 90' lang='lat' dir='ltr'>non</span> <span class='ocrx_word' id='word_1_58' title='bbox 848 677 1047 728; x_wconf 87' lang='lat' dir='ltr'>possunt;</span> <span class='ocrx_word' id='word_1_59' title='bbox 1093 675 1225 717; x_wconf 90' lang='lat' dir='ltr'>honor</span> <span class='ocrx_word' id='word_1_60' title='bbox 1268 675 1303 717; x_wconf 87' lang='lat' dir='ltr'>si</span> <span class='ocrx_word' id='word_1_61' title='bbox 1349 676 1553 730; x_wconf 81' lang='lat' dir='ltr'>diligitur,</span> <span class='ocrx_word' id='word_1_62' title='bbox 1592 677 1680 719; x_wconf 85' lang='lat' dir='ltr'>illic</span> 
     </span>
     <span class='ocr_line' id='line_1_11' title="bbox 151 746 1679 803; baseline 0.002 -16"><span class='ocrx_word' id='word_1_63' title='bbox 151 746 366 795; x_wconf 86' lang='lat' dir='ltr'>habeatur,</span> <span class='ocrx_word' id='word_1_64' title='bbox 403 746 471 788; x_wconf 90' lang='lat' dir='ltr'>ubi</span> <span class='ocrx_word' id='word_1_65' title='bbox 503 760 624 788; x_wconf 89' lang='lat' dir='ltr'>nemo</span> <span class='ocrx_word' id='word_1_66' title='bbox 657 746 857 802; x_wconf 86' lang='lat' dir='ltr'>indignus</span> <span class='ocrx_word' id='word_1_67' title='bbox 889 747 1134 795; x_wconf 63' lang='lat' dir='ltr'>honoratum</span> <span class='ocrx_word' id='word_1_68' title='bbox 1170 747 1284 788; x_wconf 82' lang='lat' dir='ltr'>salus</span> <span class='ocrx_word' id='word_1_69' title='bbox 1317 747 1354 789; x_wconf 89' lang='lat' dir='ltr'>si</span> <span class='ocrx_word' id='word_1_70' title='bbox 1386 747 1588 803; x_wconf 74' lang='lat' dir='ltr'>diligitur,</span> <span class='ocrx_word' id='word_1_71' title='bbox 1622 748 1679 790; x_wconf 86' lang='lat' dir='ltr'>ibi</span> 
     </span>
     <span class='ocr_line' id='line_1_12' title="bbox 151 816 1680 872; baseline 0.001 -14"><span class='ocrx_word' id='word_1_72' title='bbox 151 816 420 871; x_wconf 84' lang='lat' dir='ltr'>adipiscenda</span> <span class='ocrx_word' id='word_1_73' title='bbox 469 817 743 869; x_wconf 79' lang='lat' dir='ltr'>desideretur,</span> <span class='ocrx_word' id='word_1_74' title='bbox 796 817 867 859; x_wconf 92' lang='lat' dir='ltr'>ubi</span> <span class='ocrx_word' id='word_1_75' title='bbox 918 818 1095 872; x_wconf 79' lang='lat' dir='ltr'>adeptae</span> <span class='ocrx_word' id='word_1_76' title='bbox 1139 818 1242 859; x_wconf 90' lang='lat' dir='ltr'>nihil</span> <span class='ocrx_word' id='word_1_77' title='bbox 1279 818 1472 867; x_wconf 89' lang='lat' dir='ltr'>timetur;</span> <span class='ocrx_word' id='word_1_78' title='bbox 1518 819 1607 860; x_wconf 90' lang='lat' dir='ltr'>uita</span> <span class='ocrx_word' id='word_1_79' title='bbox 1645 820 1680 860; x_wconf 86' lang='lat' dir='ltr'>si</span> 
     </span>
     <span class='ocr_line' id='line_1_13' title="bbox 151 887 1348 943; baseline 0.003 -15"><span class='ocrx_word' id='word_1_80' title='bbox 151 887 354 943; x_wconf 81' lang='lat' dir='ltr'>diligitur,</span> <span class='ocrx_word' id='word_1_81' title='bbox 388 888 448 930; x_wconf 91' lang='lat' dir='ltr'>ibi</span> <span class='ocrx_word' id='word_1_82' title='bbox 482 889 739 942; x_wconf 82' lang='lat' dir='ltr'>adquiratur,</span> <span class='ocrx_word' id='word_1_83' title='bbox 774 889 847 931; x_wconf 91' lang='lat' dir='ltr'>ubi</span> <span class='ocrx_word' id='word_1_84' title='bbox 881 890 996 930; x_wconf 84' lang='lat' dir='ltr'>nulla</span> <span class='ocrx_word' id='word_1_85' title='bbox 1029 891 1161 931; x_wconf 91' lang='lat' dir='ltr'>morte</span> <span class='ocrx_word' id='word_1_86' title='bbox 1194 889 1348 932; x_wconf 87' lang='lat' dir='ltr'>finitur.</span> 
     </span>
    </p>

    <p class='ocr_par' dir='ltr' id='par_1_6' title="bbox 148 959 1682 1300">
     <span class='ocr_line' id='line_1_14' title="bbox 209 959 1680 1015; baseline 0.001 -14"><span class='ocrx_word' id='word_1_87' title='bbox 209 959 386 1001; x_wconf 80' lang='lat' dir='ltr'>Reddite</span> <span class='ocrx_word' id='word_1_88' title='bbox 418 960 561 1015; x_wconf 85' lang='lat' dir='ltr'>igitur,</span> <span class='ocrx_word' id='word_1_89' title='bbox 595 960 707 1014; x_wconf 91' lang='lat' dir='ltr'>quod</span> <span class='ocrx_word' id='word_1_90' title='bbox 739 960 936 1011; x_wconf 89' lang='lat' dir='ltr'>uouistis,</span> <span class='ocrx_word' id='word_1_91' title='bbox 969 961 1066 1014; x_wconf 86' lang='lat' dir='ltr'>quia</span> <span class='ocrx_word' id='word_1_92' title='bbox 1098 973 1175 1002; x_wconf 92' lang='lat' dir='ltr'>uos</span> <span class='ocrx_word' id='word_1_93' title='bbox 1209 961 1289 1014; x_wconf 90' lang='lat' dir='ltr'>ipsi</span> <span class='ocrx_word' id='word_1_94' title='bbox 1324 960 1427 1002; x_wconf 88' lang='lat' dir='ltr'>estis</span> <span class='ocrx_word' id='word_1_95' title='bbox 1461 963 1502 1002; x_wconf 89' lang='lat' dir='ltr'>et</span> <span class='ocrx_word' id='word_1_96' title='bbox 1534 960 1570 1002; x_wconf 90' lang='lat' dir='ltr'>ei</span> <span class='ocrx_word' id='word_1_97' title='bbox 1603 974 1680 1002; x_wconf 87' lang='lat' dir='ltr'>uos</span> 
     </span>
     <span class='ocr_line' id='line_1_15' title="bbox 148 1030 1681 1086; baseline 0.001 -15"><span class='ocrx_word' id='word_1_98' title='bbox 148 1030 337 1081; x_wconf 82' lang='lat' dir='ltr'>redditis,</span> <span class='ocrx_word' id='word_1_99' title='bbox 371 1045 394 1072; x_wconf 85' lang='lat' dir='ltr'>a</span> <span class='ocrx_word' id='word_1_100' title='bbox 427 1045 508 1085; x_wconf 91' lang='lat' dir='ltr'>quo</span> <span class='ocrx_word' id='word_1_101' title='bbox 542 1034 664 1081; x_wconf 76' lang='lat' dir='ltr'>estis3</span> <span class='ocrx_word' id='word_1_102' title='bbox 698 1032 871 1082; x_wconf 89' lang='lat' dir='ltr'>reddite,</span> <span class='ocrx_word' id='word_1_103' title='bbox 906 1033 1093 1074; x_wconf 78' lang='lat' dir='ltr'>obsecro.</span> <span class='ocrx_word' id='word_1_104' title='bbox 1127 1045 1260 1086; x_wconf 90' lang='lat' dir='ltr'>neque</span> <span class='ocrx_word' id='word_1_105' title='bbox 1295 1032 1418 1082; x_wconf 90' lang='lat' dir='ltr'>enim,</span> <span class='ocrx_word' id='word_1_106' title='bbox 1447 1032 1557 1086; x_wconf 91' lang='lat' dir='ltr'>quod</span> <span class='ocrx_word' id='word_1_107' title='bbox 1591 1032 1681 1073; x_wconf 89' lang='lat' dir='ltr'>red-</span> 
     </span>
     <span class='ocr_line' id='line_1_16' title="bbox 150 1101 1677 1158; baseline 0.001 -15"><span class='ocrx_word' id='word_1_108' title='bbox 150 1101 263 1152; x_wconf 85' lang='lat' dir='ltr'>ditis,</span> <span class='ocrx_word' id='word_1_109' title='bbox 296 1102 505 1144; x_wconf 90' lang='lat' dir='ltr'>reddendo</span> <span class='ocrx_word' id='word_1_110' title='bbox 540 1103 764 1152; x_wconf 57' lang='lat' dir='ltr'>minuetur,</span> <span class='ocrx_word' id='word_1_111' title='bbox 798 1103 871 1146; x_wconf 88' lang='lat' dir='ltr'>sed</span> <span class='ocrx_word' id='word_1_112' title='bbox 904 1104 1047 1158; x_wconf 90' lang='lat' dir='ltr'>potius</span> <span class='ocrx_word' id='word_1_113' title='bbox 1082 1103 1320 1146; x_wconf 89' lang='lat' dir='ltr'>seruabitur</span> <span class='ocrx_word' id='word_1_114' title='bbox 1358 1106 1399 1145; x_wconf 91' lang='lat' dir='ltr'>et</span> <span class='ocrx_word' id='word_1_115' title='bbox 1437 1103 1677 1157; x_wconf 79' lang='lat' dir='ltr'>augebitur:</span> 
     </span>
     <span class='ocr_line' id='line_1_17' title="bbox 148 1173 1682 1230; baseline 0.001 -16"><span class='ocrx_word' id='word_1_116' title='bbox 148 1173 356 1228; x_wconf 87' lang='lat' dir='ltr'>benignus</span> <span class='ocrx_word' id='word_1_117' title='bbox 390 1175 499 1216; x_wconf 88' lang='lat' dir='ltr'>enim</span> <span class='ocrx_word' id='word_1_118' title='bbox 533 1177 700 1217; x_wconf 82' lang='lat' dir='ltr'>exactor</span> <span class='ocrx_word' id='word_1_119' title='bbox 733 1177 811 1226; x_wconf 88' lang='lat' dir='ltr'>est,</span> <span class='ocrx_word' id='word_1_120' title='bbox 839 1188 918 1217; x_wconf 93' lang='lat' dir='ltr'>non</span> <span class='ocrx_word' id='word_1_121' title='bbox 951 1188 1123 1230; x_wconf 82' lang='lat' dir='ltr'>egenus,</span> <span class='ocrx_word' id='word_1_122' title='bbox 1153 1177 1194 1216; x_wconf 91' lang='lat' dir='ltr'>et</span> <span class='ocrx_word' id='word_1_123' title='bbox 1227 1175 1297 1228; x_wconf 91' lang='lat' dir='ltr'>qui</span> <span class='ocrx_word' id='word_1_124' title='bbox 1330 1187 1408 1216; x_wconf 89' lang='lat' dir='ltr'>non</span> <span class='ocrx_word' id='word_1_125' title='bbox 1443 1176 1603 1216; x_wconf 81' lang='lat' dir='ltr'>crescat</span> <span class='ocrx_word' id='word_1_126' title='bbox 1635 1188 1682 1215; x_wconf 82' lang='lat' dir='ltr'>ex</span> 
     </span>
     <span class='ocr_line' id='line_1_18' title="bbox 148 1244 1682 1300; baseline 0.001 -15"><span class='ocrx_word' id='word_1_127' title='bbox 148 1244 337 1295; x_wconf 82' lang='lat' dir='ltr'>redditis,</span> <span class='ocrx_word' id='word_1_128' title='bbox 371 1245 442 1287; x_wconf 87' lang='lat' dir='ltr'>sed</span> <span class='ocrx_word' id='word_1_129' title='bbox 476 1245 517 1287; x_wconf 92' lang='lat' dir='ltr'>in</span> <span class='ocrx_word' id='word_1_130' title='bbox 552 1259 595 1287; x_wconf 88' lang='lat' dir='ltr'>se</span> <span class='ocrx_word' id='word_1_131' title='bbox 630 1259 817 1289; x_wconf 82' lang='lat' dir='ltr'>crescere</span> <span class='ocrx_word' id='word_1_132' title='bbox 850 1246 978 1288; x_wconf 85' lang='lat' dir='ltr'>faciat</span> <span class='ocrx_word' id='word_1_133' title='bbox 1009 1247 1256 1289; x_wconf 84' lang='lat' dir='ltr'>redditores.</span> <span class='ocrx_word' id='word_1_134' title='bbox 1296 1246 1394 1288; x_wconf 84' lang='lat' dir='ltr'>huie</span> <span class='ocrx_word' id='word_1_135' title='bbox 1433 1258 1531 1300; x_wconf 87' lang='lat' dir='ltr'>ergo</span> <span class='ocrx_word' id='word_1_136' title='bbox 1571 1246 1682 1299; x_wconf 89' lang='lat' dir='ltr'>quod</span> 
     </span>
    </p>
   </div>
   <div class='ocr_carea' id='block_1_6' title="bbox 107 1315 1680 1371">
    <p class='ocr_par' dir='ltr' id='par_1_7' title="bbox 107 1315 1680 1371">
     <span class='ocr_line' id='line_1_19' title="bbox 107 1315 1680 1371; baseline 0.001 -16"><span class='ocrx_word' id='word_1_137' title='bbox 107 1330 123 1354; x_wconf 66' lang='grc' dir='ltr'>ὁ</span> <span class='ocrx_word' id='word_1_138' title='bbox 149 1328 229 1357; x_wconf 91' lang='lat' dir='ltr'>non</span> <span class='ocrx_word' id='word_1_139' title='bbox 262 1315 463 1366; x_wconf 79' lang='lat' dir='ltr'>redditur,</span> <span class='ocrx_word' id='word_1_140' title='bbox 496 1316 696 1370; x_wconf 72' lang='lat' dir='ltr'>perditur,</span> <span class='ocrx_word' id='word_1_141' title='bbox 731 1317 843 1371; x_wconf 91' lang='lat' dir='ltr'>quod</span> <span class='ocrx_word' id='word_1_142' title='bbox 875 1320 1016 1359; x_wconf 86' lang='lat' dir='ltr'>autem</span> <span class='ocrx_word' id='word_1_143' title='bbox 1048 1317 1249 1368; x_wconf 87' lang='lat' dir='ltr'>redditur,</span> <span class='ocrx_word' id='word_1_144' title='bbox 1276 1317 1466 1359; x_wconf 89' lang='lat' dir='ltr'>reddenti</span> <span class='ocrx_word' id='word_1_145' title='bbox 1498 1317 1680 1368; x_wconf 84' lang='lat' dir='ltr'>additur,</span> 
     </span>
    </p>
   </div>
   <div class='ocr_carea' id='block_1_7' title="bbox 148 1386 1682 1726">
    <p class='ocr_par' dir='ltr' id='par_1_8' title="bbox 148 1386 1682 1726">
     <span class='ocr_line' id='line_1_20' title="bbox 149 1386 1679 1442; baseline 0.001 -15"><span class='ocrx_word' id='word_1_146' title='bbox 149 1386 278 1428; x_wconf 91' lang='lat' dir='ltr'>immo</span> <span class='ocrx_word' id='word_1_147' title='bbox 306 1399 404 1429; x_wconf 90' lang='lat' dir='ltr'>uero</span> <span class='ocrx_word' id='word_1_148' title='bbox 431 1387 472 1429; x_wconf 89' lang='lat' dir='ltr'>in</span> <span class='ocrx_word' id='word_1_149' title='bbox 501 1400 563 1437; x_wconf 91' lang='lat' dir='ltr'>eo,</span> <span class='ocrx_word' id='word_1_150' title='bbox 592 1388 658 1430; x_wconf 87' lang='lat' dir='ltr'>cui</span> <span class='ocrx_word' id='word_1_151' title='bbox 685 1388 887 1438; x_wconf 86' lang='lat' dir='ltr'>redditur,</span> <span class='ocrx_word' id='word_1_152' title='bbox 915 1388 1092 1430; x_wconf 90' lang='lat' dir='ltr'>reddens</span> <span class='ocrx_word' id='word_1_153' title='bbox 1120 1389 1210 1442; x_wconf 91' lang='lat' dir='ltr'>ipse</span> <span class='ocrx_word' id='word_1_154' title='bbox 1239 1390 1444 1430; x_wconf 87' lang='lat' dir='ltr'>seruatur.</span> <span class='ocrx_word' id='word_1_155' title='bbox 1472 1388 1514 1429; x_wconf 90' lang='lat' dir='ltr'>id</span> <span class='ocrx_word' id='word_1_156' title='bbox 1539 1388 1679 1441; x_wconf 87' lang='lat' dir='ltr'>ipsum</span> 
     </span>
     <span class='ocr_line' id='line_1_21' title="bbox 150 1457 1680 1513; baseline 0.001 -14"><span class='ocrx_word' id='word_1_157' title='bbox 150 1457 303 1511; x_wconf 88' lang='lat' dir='ltr'>quippe</span> <span class='ocrx_word' id='word_1_158' title='bbox 337 1459 415 1500; x_wconf 88' lang='lat' dir='ltr'>erit</span> <span class='ocrx_word' id='word_1_159' title='bbox 446 1459 658 1501; x_wconf 89' lang='lat' dir='ltr'>redditum</span> <span class='ocrx_word' id='word_1_160' title='bbox 692 1463 734 1501; x_wconf 94' lang='lat' dir='ltr'>et</span> <span class='ocrx_word' id='word_1_161' title='bbox 765 1460 960 1510; x_wconf 73' lang='lat' dir='ltr'>redditor,</span> <span class='ocrx_word' id='word_1_162' title='bbox 996 1460 1093 1513; x_wconf 82' lang='lat' dir='ltr'>quia</span> <span class='ocrx_word' id='word_1_163' title='bbox 1124 1460 1167 1501; x_wconf 92' lang='lat' dir='ltr'>id</span> <span class='ocrx_word' id='word_1_164' title='bbox 1199 1460 1339 1513; x_wconf 88' lang='lat' dir='ltr'>ipsum</span> <span class='ocrx_word' id='word_1_165' title='bbox 1373 1462 1461 1501; x_wconf 91' lang='lat' dir='ltr'>erat</span> <span class='ocrx_word' id='word_1_166' title='bbox 1492 1458 1680 1500; x_wconf 83' lang='lat' dir='ltr'>debitum</span> 
     </span>
     <span class='ocr_line' id='line_1_22' title="bbox 149 1529 1681 1585; baseline 0.001 -15"><span class='ocrx_word' id='word_1_167' title='bbox 149 1531 190 1570; x_wconf 88' lang='lat' dir='ltr'>et</span> <span class='ocrx_word' id='word_1_168' title='bbox 223 1529 398 1571; x_wconf 90' lang='lat' dir='ltr'>debitor.</span> <span class='ocrx_word' id='word_1_169' title='bbox 433 1530 509 1571; x_wconf 92' lang='lat' dir='ltr'>deo</span> <span class='ocrx_word' id='word_1_170' title='bbox 543 1538 723 1584; x_wconf 85' lang='lat' dir='ltr'>namque</span> <span class='ocrx_word' id='word_1_171' title='bbox 750 1544 793 1573; x_wconf 87' lang='lat' dir='ltr'>se</span> <span class='ocrx_word' id='word_1_172' title='bbox 825 1531 967 1585; x_wconf 85' lang='lat' dir='ltr'>ipsum</span> <span class='ocrx_word' id='word_1_173' title='bbox 992 1531 1117 1573; x_wconf 91' lang='lat' dir='ltr'>homo</span> <span class='ocrx_word' id='word_1_174' title='bbox 1147 1531 1270 1573; x_wconf 89' lang='lat' dir='ltr'>debet</span> <span class='ocrx_word' id='word_1_175' title='bbox 1297 1531 1419 1584; x_wconf 92' lang='lat' dir='ltr'>eique</span> <span class='ocrx_word' id='word_1_176' title='bbox 1446 1530 1681 1571; x_wconf 87' lang='lat' dir='ltr'>reddendus</span> 
     </span>
     <span class='ocr_line' id='line_1_23' title="bbox 149 1601 1681 1656; baseline 0.001 -16"><span class='ocrx_word' id='word_1_177' title='bbox 149 1602 225 1642; x_wconf 87' lang='lat' dir='ltr'>est.</span> <span class='ocrx_word' id='word_1_178' title='bbox 259 1603 308 1641; x_wconf 89' lang='lat' dir='ltr'>ut</span> <span class='ocrx_word' id='word_1_179' title='bbox 340 1601 488 1643; x_wconf 89' lang='lat' dir='ltr'>beatus</span> <span class='ocrx_word' id='word_1_180' title='bbox 522 1602 590 1644; x_wconf 87' lang='lat' dir='ltr'>sit.</span> <span class='ocrx_word' id='word_1_181' title='bbox 626 1615 647 1643; x_wconf 83' lang='lat' dir='ltr'>a</span> <span class='ocrx_word' id='word_1_182' title='bbox 680 1615 761 1656; x_wconf 89' lang='lat' dir='ltr'>quo</span> <span class='ocrx_word' id='word_1_183' title='bbox 796 1603 971 1656; x_wconf 82' lang='lat' dir='ltr'>accepit,</span> <span class='ocrx_word' id='word_1_184' title='bbox 1005 1605 1051 1644; x_wconf 86' lang='lat' dir='ltr'>ut</span> <span class='ocrx_word' id='word_1_185' title='bbox 1085 1602 1153 1645; x_wconf 91' lang='lat' dir='ltr'>sit.</span> <span class='ocrx_word' id='word_1_186' title='bbox 1201 1602 1278 1643; x_wconf 85' lang='lat' dir='ltr'>hoc</span> <span class='ocrx_word' id='word_1_187' title='bbox 1313 1601 1535 1656; x_wconf 84' lang='lat' dir='ltr'>signifieat,</span> <span class='ocrx_word' id='word_1_188' title='bbox 1569 1601 1681 1654; x_wconf 90' lang='lat' dir='ltr'>quod</span> 
     </span>
     <span class='ocr_line' id='line_1_24' title="bbox 148 1670 1682 1726; baseline 0.001 -15"><span class='ocrx_word' id='word_1_189' title='bbox 148 1670 187 1711; x_wconf 93' lang='lat' dir='ltr'>in</span> <span class='ocrx_word' id='word_1_190' title='bbox 221 1672 440 1726; x_wconf 88' lang='lat' dir='ltr'>euangelio</span> <span class='ocrx_word' id='word_1_191' title='bbox 474 1672 668 1714; x_wconf 88' lang='lat' dir='ltr'>dominus</span> <span class='ocrx_word' id='word_1_192' title='bbox 708 1674 785 1715; x_wconf 88' lang='lat' dir='ltr'>ait:</span> <span class='ocrx_word' id='word_1_193' title='bbox 826 1673 1057 1715; x_wconf 86' lang='lat' dir='ltr'>Reddite</span> <span class='ocrx_word' id='word_1_194' title='bbox 1103 1673 1339 1723; x_wconf 77' lang='lat' dir='ltr'>Caesari,</span> <span class='ocrx_word' id='word_1_195' title='bbox 1386 1685 1518 1726; x_wconf 88' lang='lat' dir='ltr'>quae</span> <span class='ocrx_word' id='word_1_196' title='bbox 1564 1672 1682 1715; x_wconf 84' lang='lat' dir='ltr'>Cae-</span> 
     </span>
    </p>
   </div>
   <div class='ocr_carea' id='block_1_8' title="bbox 268 1777 1222 1824">
    <p class='ocr_par' dir='ltr' id='par_1_9' title="bbox 268 1777 1222 1824">
     <span class='ocr_line' id='line_1_25' title="bbox 268 1777 1222 1824; baseline 0.002 -12"><span class='ocrx_word' id='word_1_197' title='bbox 268 1777 313 1812; x_wconf 91' lang='grc'>20</span> <span class='ocrx_word' id='word_1_198' title='bbox 339 1778 467 1813; x_wconf 80' lang='lat' dir='ltr'>Matth.</span> <span class='ocrx_word' id='word_1_199' title='bbox 496 1779 553 1822; x_wconf 89' lang='grc'>22,</span> <span class='ocrx_word' id='word_1_200' title='bbox 579 1779 642 1820; x_wconf 92' lang='grc'>21;</span> <span class='ocrx_word' id='word_1_201' title='bbox 669 1779 779 1817; x_wconf 84' lang='lat' dir='ltr'>Marc.</span> <span class='ocrx_word' id='word_1_202' title='bbox 810 1780 864 1824; x_wconf 84' lang='lat'>12,</span> <span class='ocrx_word' id='word_1_203' title='bbox 893 1780 952 1821; x_wconf 72' lang='lat'>173</span> <span class='ocrx_word' id='word_1_204' title='bbox 981 1779 1066 1814; x_wconf 91' lang='lat' dir='ltr'>Luc.</span> <span class='ocrx_word' id='word_1_205' title='bbox 1095 1779 1151 1822; x_wconf 89' lang='grc'>20,</span> <span class='ocrx_word' id='word_1_206' title='bbox 1177 1779 1222 1814; x_wconf 80' lang='grc'>25</span> 
     </span>
    </p>
   </div>
   <div class='ocr_carea' id='block_1_9' title="bbox 146 1848 1684 2839">
    <p class='ocr_par' dir='ltr' id='par_1_10' title="bbox 146 1848 1684 2311">
     <span class='ocr_line' id='line_1_26' title="bbox 200 1848 1682 1893; baseline 0 -11"><span class='ocrx_word' id='word_1_207' title='bbox 200 1850 214 1882; x_wconf 89' lang='grc'>1</span> <span class='ocrx_word' id='word_1_208' title='bbox 244 1849 396 1883; x_wconf 78' lang='lat' dir='ltr'>caritate</span> <span class='ocrx_word' id='word_1_209' title='bbox 423 1851 483 1892; x_wconf 54' lang='lat' dir='ltr'>(nv</span> <span class='ocrx_word' id='word_1_210' title='bbox 504 1853 611 1892; x_wconf 81' lang='lat' dir='ltr'>eras.)</span> <span class='ocrx_word' id='word_1_211' title='bbox 631 1850 681 1884; x_wconf 86' lang='lat' dir='ltr'><em>M</em></span> <span class='ocrx_word' id='word_1_212' title='bbox 751 1852 771 1884; x_wconf 94' lang='grc'>2</span> <span class='ocrx_word' id='word_1_213' title='bbox 799 1850 992 1893; x_wconf 84' lang='lat' dir='ltr'>iuuebitur,</span> <span class='ocrx_word' id='word_1_214' title='bbox 1021 1861 1064 1884; x_wconf 88' lang='lat' dir='ltr'>m.</span> <span class='ocrx_word' id='word_1_215' title='bbox 1091 1852 1111 1884; x_wconf 92' lang='lat'><em>1</em></span> <span class='ocrx_word' id='word_1_216' title='bbox 1137 1861 1227 1884; x_wconf 85' lang='lat' dir='ltr'>corr.</span> <span class='ocrx_word' id='word_1_217' title='bbox 1255 1849 1438 1883; x_wconf 89' lang='lat' dir='ltr'>iubebitur</span> <span class='ocrx_word' id='word_1_218' title='bbox 1465 1848 1512 1882; x_wconf 79' lang='grc' dir='ltr'>Ρι</span> <span class='ocrx_word' id='word_1_219' title='bbox 1538 1848 1682 1882; x_wconf 87' lang='lat' dir='ltr'>iubetur</span> 
     </span>
     <span class='ocr_line' id='line_1_27' title="bbox 151 1908 1680 1955; baseline 0 -14"><span class='ocrx_word' id='word_1_220' title='bbox 151 1910 182 1942; x_wconf 77' lang='lat' dir='ltr'><em>A</em></span> <span class='ocrx_word' id='word_1_221' title='bbox 211 1908 300 1942; x_wconf 86' lang='lat' dir='ltr'>lrm</span> <span class='ocrx_word' id='word_1_222' title='bbox 329 1908 512 1943; x_wconf 86' lang='lat' dir='ltr'>uidebitur</span> <span class='ocrx_word' id='word_1_223' title='bbox 538 1910 629 1953; x_wconf 79' lang='lat' dir='ltr'>aef</span> <span class='ocrx_word' id='word_1_224' title='bbox 721 1911 902 1955; x_wconf 83' lang='lat' dir='ltr'>asperum]</span> <span class='ocrx_word' id='word_1_225' title='bbox 932 1909 1108 1955; x_wconf 79' lang='lat' dir='ltr'>aspidum</span> <span class='ocrx_word' id='word_1_226' title='bbox 1135 1909 1187 1944; x_wconf 67' lang='grc' dir='ltr'>Ρ2</span> <span class='ocrx_word' id='word_1_227' title='bbox 1277 1919 1482 1943; x_wconf 60' lang='lat' dir='ltr'>*onerosum</span> <span class='ocrx_word' id='word_1_228' title='bbox 1508 1908 1544 1951; x_wconf 79' lang='lat' dir='ltr'>(h</span> <span class='ocrx_word' id='word_1_229' title='bbox 1572 1911 1680 1949; x_wconf 76' lang='lat' dir='ltr'>eras.)</span> 
     </span>
     <span class='ocr_line' id='line_1_28' title="bbox 149 1967 1681 2014; baseline 0 -13"><span class='ocrx_word' id='word_1_230' title='bbox 149 1968 195 2001; x_wconf 71' lang='grc' dir='ltr'>Ρ1</span> <span class='ocrx_word' id='word_1_231' title='bbox 282 1969 303 2002; x_wconf 89' lang='lat'><strong>3</strong></span> <span class='ocrx_word' id='word_1_232' title='bbox 331 1969 360 2002; x_wconf 85' lang='lat' dir='ltr'>si</span> <span class='ocrx_word' id='word_1_233' title='bbox 387 1979 453 2002; x_wconf 87' lang='lat' dir='ltr'>om.</span> <span class='ocrx_word' id='word_1_234' title='bbox 482 1967 649 2002; x_wconf 87' lang='lat' dir='ltr'><strong><em>HPP²E</em></strong></span> <span class='ocrx_word' id='word_1_235' title='bbox 744 1969 827 2014; x_wconf 82' lang='lat' dir='ltr'>iugo</span> <span class='ocrx_word' id='word_1_236' title='bbox 854 1980 924 2003; x_wconf 84' lang='lat' dir='ltr'>uno</span> <span class='ocrx_word' id='word_1_237' title='bbox 952 1969 995 2002; x_wconf 89' lang='lat' dir='ltr'><em>M</em></span> <span class='ocrx_word' id='word_1_238' title='bbox 1093 1969 1225 2013; x_wconf 84' lang='lat' dir='ltr'>minus]</span> <span class='ocrx_word' id='word_1_239' title='bbox 1254 1968 1369 2013; x_wconf 86' lang='lat' dir='ltr'>magis</span> <span class='ocrx_word' id='word_1_240' title='bbox 1395 1968 1443 2002; x_wconf 87' lang='grc' dir='ltr'><em>Μ</em></span> <span class='ocrx_word' id='word_1_241' title='bbox 1523 1970 1544 2001; x_wconf 87' lang='grc'><strong>4</strong></span> <span class='ocrx_word' id='word_1_242' title='bbox 1572 1967 1681 2002; x_wconf 86' lang='lat' dir='ltr'>serui-</span> 
     </span>
     <span class='ocr_line' id='line_1_29' title="bbox 149 2026 1676 2073; baseline -0.001 -12"><span class='ocrx_word' id='word_1_243' title='bbox 149 2032 208 2061; x_wconf 88' lang='lat' dir='ltr'>tur</span> <span class='ocrx_word' id='word_1_244' title='bbox 233 2027 398 2062; x_wconf 89' lang='lat' dir='ltr'><strong><em>HPP¹E</em></strong></span> <span class='ocrx_word' id='word_1_245' title='bbox 510 2031 563 2062; x_wconf 71' lang='lat' dir='ltr'>et*</span> <span class='ocrx_word' id='word_1_246' title='bbox 587 2028 633 2062; x_wconf 91' lang='lat' dir='ltr'>P¹</span> <span class='ocrx_word' id='word_1_247' title='bbox 746 2033 785 2063; x_wconf 78' lang='lat' dir='ltr'>ee</span> <span class='ocrx_word' id='word_1_248' title='bbox 811 2028 859 2062; x_wconf 92' lang='lat' dir='ltr'><strong><em>M</em></strong></span> <span class='ocrx_word' id='word_1_249' title='bbox 967 2039 1055 2073; x_wconf 64' lang='lat' dir='ltr'>qua»</span> <span class='ocrx_word' id='word_1_250' title='bbox 1077 2028 1123 2062; x_wconf 65' lang='grc' dir='ltr'>Ρι</span> <span class='ocrx_word' id='word_1_251' title='bbox 1153 2028 1237 2073; x_wconf 86' lang='lat' dir='ltr'>quia</span> <span class='ocrx_word' id='word_1_252' title='bbox 1263 2028 1288 2071; x_wconf 91' lang='lat' dir='ltr'>(i</span> <span class='ocrx_word' id='word_1_253' title='bbox 1315 2029 1410 2072; x_wconf 71' lang='lat' dir='ltr'>exp.)</span> <span class='ocrx_word' id='word_1_254' title='bbox 1435 2026 1486 2061; x_wconf 89' lang='lat' dir='ltr'>P²</span> <span class='ocrx_word' id='word_1_255' title='bbox 1601 2027 1676 2061; x_wconf 59' lang='lat' dir='ltr'>ei&#39;fj,</span> 
     </span>
     <span class='ocr_line' id='line_1_30' title="bbox 146 2085 1681 2130; baseline 0.001 -10"><span class='ocrx_word' id='word_1_256' title='bbox 146 2089 291 2130; x_wconf 79' lang='lat' dir='ltr'>(parua</span> <span class='ocrx_word' id='word_1_257' title='bbox 317 2091 406 2126; x_wconf 78' lang='lat' dir='ltr'>ras.)</span> <span class='ocrx_word' id='word_1_258' title='bbox 432 2086 479 2120; x_wconf 90' lang='lat' dir='ltr'>P¹</span> <span class='ocrx_word' id='word_1_259' title='bbox 603 2088 623 2120; x_wconf 76' lang='grc'>5</span> <span class='ocrx_word' id='word_1_260' title='bbox 650 2086 793 2122; x_wconf 85' lang='lat' dir='ltr'>baiulus</span> <span class='ocrx_word' id='word_1_261' title='bbox 822 2088 872 2130; x_wconf 90' lang='lat' dir='ltr'>(iu</span> <span class='ocrx_word' id='word_1_262' title='bbox 901 2099 944 2122; x_wconf 89' lang='lat' dir='ltr'>m.</span> <span class='ocrx_word' id='word_1_263' title='bbox 971 2091 1012 2122; x_wconf 82' lang='lat' dir='ltr'>ut</span> <span class='ocrx_word' id='word_1_264' title='bbox 1038 2087 1114 2122; x_wconf 81' lang='lat' dir='ltr'>uid.</span> <span class='ocrx_word' id='word_1_265' title='bbox 1144 2089 1182 2129; x_wconf 97' lang='grc'>2)</span> <span class='ocrx_word' id='word_1_266' title='bbox 1208 2087 1234 2121; x_wconf 94' lang='grc' dir='ltr'><em>Ι</em></span> <span class='ocrx_word' id='word_1_267' title='bbox 1352 2087 1382 2120; x_wconf 88' lang='lat' dir='ltr'>si</span> <span class='ocrx_word' id='word_1_268' title='bbox 1408 2098 1489 2123; x_wconf 82' lang='grc' dir='ltr'><strong><em>οηι..</em></strong></span> <span class='ocrx_word' id='word_1_269' title='bbox 1515 2098 1559 2120; x_wconf 85' lang='lat' dir='ltr'>m.</span> <span class='ocrx_word' id='word_1_270' title='bbox 1589 2089 1607 2119; x_wconf 89' lang='lat'><em>1</em></span> <span class='ocrx_word' id='word_1_271' title='bbox 1634 2085 1681 2128; x_wconf 62' lang='lat'>(2³)</span> 
     </span>
     <span class='ocr_line' id='line_1_31' title="bbox 151 2145 1678 2191; baseline 0 -11"><span class='ocrx_word' id='word_1_272' title='bbox 151 2145 238 2180; x_wconf 80' lang='lat' dir='ltr'>add.</span> <span class='ocrx_word' id='word_1_273' title='bbox 264 2145 308 2179; x_wconf 90' lang='lat' dir='ltr'><em>H</em></span> <span class='ocrx_word' id='word_1_274' title='bbox 415 2146 592 2191; x_wconf 86' lang='lat' dir='ltr'>diligitur,</span> <span class='ocrx_word' id='word_1_275' title='bbox 617 2157 662 2180; x_wconf 87' lang='lat' dir='ltr'>m.</span> <span class='ocrx_word' id='word_1_276' title='bbox 691 2150 708 2180; x_wconf 92' lang='lat'><strong><em>1</em></strong></span> <span class='ocrx_word' id='word_1_277' title='bbox 734 2158 825 2182; x_wconf 83' lang='lat' dir='ltr'>corr.</span> <span class='ocrx_word' id='word_1_278' title='bbox 854 2146 1055 2191; x_wconf 86' lang='lat' dir='ltr'>diliguntur</span> <span class='ocrx_word' id='word_1_279' title='bbox 1080 2146 1128 2180; x_wconf 84' lang='lat' dir='ltr'><em>M</em></span> <span class='ocrx_word' id='word_1_280' title='bbox 1238 2147 1258 2181; x_wconf 88' lang='grc'>6</span> <span class='ocrx_word' id='word_1_281' title='bbox 1286 2148 1444 2191; x_wconf 79' lang='lat' dir='ltr'>possent,</span> <span class='ocrx_word' id='word_1_282' title='bbox 1470 2157 1515 2180; x_wconf 87' lang='lat' dir='ltr'>m.</span> <span class='ocrx_word' id='word_1_283' title='bbox 1543 2148 1562 2179; x_wconf 88' lang='lat'><em>1</em></span> <span class='ocrx_word' id='word_1_284' title='bbox 1588 2156 1678 2180; x_wconf 80' lang='lat' dir='ltr'>corr.</span> 
     </span>
     <span class='ocr_line' id='line_1_32' title="bbox 149 2205 1684 2251; baseline -0.001 -12"><span class='ocrx_word' id='word_1_285' title='bbox 149 2208 299 2250; x_wconf 83' lang='lat' dir='ltr'>possunt</span> <span class='ocrx_word' id='word_1_286' title='bbox 325 2205 361 2239; x_wconf 94' lang='lat' dir='ltr'><strong><em>P</em></strong></span> <span class='ocrx_word' id='word_1_287' title='bbox 430 2206 505 2240; x_wconf 83' lang='lat' dir='ltr'>illie</span> <span class='ocrx_word' id='word_1_288' title='bbox 524 2206 565 2240; x_wconf 81' lang='lat' dir='ltr'>in</span> <span class='ocrx_word' id='word_1_289' title='bbox 586 2217 658 2240; x_wconf 81' lang='lat' dir='ltr'>ras.</span> <span class='ocrx_word' id='word_1_290' title='bbox 680 2206 716 2240; x_wconf 93' lang='lat' dir='ltr'><strong><em>P</em></strong></span> <span class='ocrx_word' id='word_1_291' title='bbox 764 2207 783 2240; x_wconf 79' lang='lat'>7</span> <span class='ocrx_word' id='word_1_292' title='bbox 804 2208 922 2251; x_wconf 86' lang='lat' dir='ltr'>nemo]</span> <span class='ocrx_word' id='word_1_293' title='bbox 946 2207 1065 2241; x_wconf 85' lang='lat' dir='ltr'>nullus</span> <span class='ocrx_word' id='word_1_294' title='bbox 1087 2206 1202 2240; x_wconf 78' lang='lat' dir='ltr'>HPE</span> <span class='ocrx_word' id='word_1_295' title='bbox 1272 2205 1438 2250; x_wconf 86' lang='lat' dir='ltr'>diligitur</span> <span class='ocrx_word' id='word_1_296' title='bbox 1463 2206 1513 2250; x_wconf 88' lang='lat' dir='ltr'>(gi</span> <span class='ocrx_word' id='word_1_297' title='bbox 1532 2216 1576 2239; x_wconf 83' lang='lat' dir='ltr'>m.</span> <span class='ocrx_word' id='word_1_298' title='bbox 1599 2207 1637 2247; x_wconf 83' lang='lat'>2)</span> <span class='ocrx_word' id='word_1_299' title='bbox 1662 2205 1684 2238; x_wconf 94' lang='grc' dir='ltr'><em>Ι</em></span> 
     </span>
     <span class='ocr_line' id='line_1_33' title="bbox 148 2264 1683 2311; baseline 0 -13"><span class='ocrx_word' id='word_1_300' title='bbox 148 2265 170 2298; x_wconf 67' lang='grc'><strong>8</strong></span> <span class='ocrx_word' id='word_1_301' title='bbox 203 2264 346 2310; x_wconf 86' lang='lat' dir='ltr'>adepte,</span> <span class='ocrx_word' id='word_1_302' title='bbox 379 2275 469 2301; x_wconf 81' lang='lat' dir='ltr'>corr.</span> <span class='ocrx_word' id='word_1_303' title='bbox 502 2265 636 2310; x_wconf 87' lang='lat' dir='ltr'>adepta</span> <span class='ocrx_word' id='word_1_304' title='bbox 668 2266 693 2300; x_wconf 94' lang='lat' dir='ltr'><em>I</em></span> <span class='ocrx_word' id='word_1_305' title='bbox 721 2265 854 2311; x_wconf 84' lang='lat' dir='ltr'>adepta</span> <span class='ocrx_word' id='word_1_306' title='bbox 887 2265 1132 2300; x_wconf 84' lang='lat' dir='ltr'><strong><em>HPP¹EMC</em></strong></span> <span class='ocrx_word' id='word_1_307' title='bbox 1167 2265 1242 2308; x_wconf 80' lang='lat' dir='ltr'>(sed</span> <span class='ocrx_word' id='word_1_308' title='bbox 1268 2269 1384 2309; x_wconf 67' lang='lat' dir='ltr'>postr.</span> <span class='ocrx_word' id='word_1_309' title='bbox 1420 2265 1442 2299; x_wconf 85' lang='lat' dir='ltr'>l.</span> <span class='ocrx_word' id='word_1_310' title='bbox 1475 2275 1520 2298; x_wconf 86' lang='lat' dir='ltr'>m.</span> <span class='ocrx_word' id='word_1_311' title='bbox 1556 2266 1594 2306; x_wconf 86' lang='grc'>2)</span> <span class='ocrx_word' id='word_1_312' title='bbox 1628 2274 1683 2298; x_wconf 79' lang='lat' dir='ltr'>ae</span> 
     </span>
    </p>

    <p class='ocr_par' dir='ltr' id='par_1_11' title="bbox 149 2323 1680 2546">
     <span class='ocr_line' id='line_1_34' title="bbox 199 2323 1680 2370; baseline -0.001 -13"><span class='ocrx_word' id='word_1_313' title='bbox 199 2324 228 2357; x_wconf 86' lang='lat' dir='ltr'>si</span> <span class='ocrx_word' id='word_1_314' title='bbox 254 2334 320 2358; x_wconf 88' lang='lat' dir='ltr'>om.</span> <span class='ocrx_word' id='word_1_315' title='bbox 348 2324 428 2358; x_wconf 73' lang='lat' dir='ltr'>MA</span> <span class='ocrx_word' id='word_1_316' title='bbox 455 2326 512 2367; x_wconf 92' lang='lat' dir='ltr'>(m.</span> <span class='ocrx_word' id='word_1_317' title='bbox 541 2327 565 2358; x_wconf 81' lang='lat'><em>3</em></span> <span class='ocrx_word' id='word_1_318' title='bbox 591 2324 694 2370; x_wconf 79' lang='lat' dir='ltr'>add.)</span> <span class='ocrx_word' id='word_1_319' title='bbox 768 2326 788 2360; x_wconf 85' lang='lat'>9</span> <span class='ocrx_word' id='word_1_320' title='bbox 816 2324 981 2369; x_wconf 83' lang='lat' dir='ltr'>diligitur</span> <span class='ocrx_word' id='word_1_321' title='bbox 1007 2325 1057 2369; x_wconf 82' lang='lat' dir='ltr'>(gi</span> <span class='ocrx_word' id='word_1_322' title='bbox 1086 2336 1128 2359; x_wconf 89' lang='lat' dir='ltr'>m.</span> <span class='ocrx_word' id='word_1_323' title='bbox 1158 2328 1196 2366; x_wconf 88' lang='grc'>2)</span> <span class='ocrx_word' id='word_1_324' title='bbox 1222 2325 1247 2358; x_wconf 91' lang='lat' dir='ltr'><em>I</em></span> <span class='ocrx_word' id='word_1_325' title='bbox 1342 2323 1555 2368; x_wconf 80' lang='lat' dir='ltr'>adquiritur,</span> <span class='ocrx_word' id='word_1_326' title='bbox 1582 2335 1627 2359; x_wconf 84' lang='lat' dir='ltr'>m.</span> <span class='ocrx_word' id='word_1_327' title='bbox 1656 2325 1680 2356; x_wconf 83' lang='grc'>2</span> 
     </span>
     <span class='ocr_line' id='line_1_35' title="bbox 149 2381 1676 2428; baseline 0 -12"><span class='ocrx_word' id='word_1_328' title='bbox 149 2383 362 2427; x_wconf 80' lang='lat' dir='ltr'>alquiratur</span> <span class='ocrx_word' id='word_1_329' title='bbox 386 2382 436 2417; x_wconf 75' lang='grc' dir='ltr'>Ρ2</span> <span class='ocrx_word' id='word_1_330' title='bbox 516 2384 673 2421; x_wconf 63' lang='lat' dir='ltr'>sinitur,</span> <span class='ocrx_word' id='word_1_331' title='bbox 700 2395 744 2418; x_wconf 87' lang='lat' dir='ltr'>m.</span> <span class='ocrx_word' id='word_1_332' title='bbox 774 2387 792 2418; x_wconf 91' lang='lat'><em>1</em></span> <span class='ocrx_word' id='word_1_333' title='bbox 821 2395 910 2418; x_wconf 84' lang='lat' dir='ltr'>corr.</span> <span class='ocrx_word' id='word_1_334' title='bbox 938 2385 1061 2418; x_wconf 82' lang='lat' dir='ltr'>finitur</span> <span class='ocrx_word' id='word_1_335' title='bbox 1086 2384 1129 2417; x_wconf 89' lang='lat' dir='ltr'><em>H</em></span> <span class='ocrx_word' id='word_1_336' title='bbox 1203 2385 1244 2418; x_wconf 84' lang='lat' dir='ltr'>lo</span> <span class='ocrx_word' id='word_1_337' title='bbox 1271 2383 1383 2428; x_wconf 85' lang='lat' dir='ltr'>ipsius</span> <span class='ocrx_word' id='word_1_338' title='bbox 1410 2383 1446 2417; x_wconf 83' lang='lat' dir='ltr'><strong><em>P</em></strong></span> <span class='ocrx_word' id='word_1_339' title='bbox 1532 2384 1571 2417; x_wconf 93' lang='lat'>11</span> <span class='ocrx_word' id='word_1_340' title='bbox 1601 2381 1676 2416; x_wconf 87' lang='lat' dir='ltr'>red-</span> 
     </span>
     <span class='ocr_line' id='line_1_36' title="bbox 152 2441 1678 2488; baseline 0 -13"><span class='ocrx_word' id='word_1_341' title='bbox 152 2441 254 2487; x_wconf 82' lang='lat' dir='ltr'>ditis]</span> <span class='ocrx_word' id='word_1_342' title='bbox 282 2442 441 2476; x_wconf 88' lang='lat' dir='ltr'>reddatis</span> <span class='ocrx_word' id='word_1_343' title='bbox 467 2442 505 2477; x_wconf 87' lang='grc' dir='ltr'><em>Ε</em></span> <span class='ocrx_word' id='word_1_344' title='bbox 587 2442 737 2477; x_wconf 82' lang='lat' dir='ltr'>redditis</span> <span class='ocrx_word' id='word_1_345' title='bbox 766 2443 860 2488; x_wconf 87' lang='lat' dir='ltr'>quod</span> <span class='ocrx_word' id='word_1_346' title='bbox 890 2444 920 2478; x_wconf 85' lang='lat' dir='ltr'><em>C</em></span> <span class='ocrx_word' id='word_1_347' title='bbox 994 2444 1035 2478; x_wconf 89' lang='grc'>12</span> <span class='ocrx_word' id='word_1_348' title='bbox 1063 2443 1238 2477; x_wconf 88' lang='lat' dir='ltr'>minuitur</span> <span class='ocrx_word' id='word_1_349' title='bbox 1264 2442 1379 2477; x_wconf 88' lang='lat' dir='ltr'>HPE</span> <span class='ocrx_word' id='word_1_350' title='bbox 1455 2444 1607 2486; x_wconf 85' lang='lat' dir='ltr'>augetur</span> <span class='ocrx_word' id='word_1_351' title='bbox 1632 2441 1678 2475; x_wconf 75' lang='grc' dir='ltr'>Ρ1</span> 
     </span>
     <span class='ocr_line' id='line_1_37' title="bbox 155 2499 1679 2546; baseline -0.001 -12"><span class='ocrx_word' id='word_1_352' title='bbox 155 2502 196 2535; x_wconf 89' lang='grc'>13</span> <span class='ocrx_word' id='word_1_353' title='bbox 223 2503 391 2536; x_wconf 82' lang='lat' dir='ltr'>exauctor</span> <span class='ocrx_word' id='word_1_354' title='bbox 416 2501 460 2535; x_wconf 88' lang='lat' dir='ltr'><em>H</em></span> <span class='ocrx_word' id='word_1_355' title='bbox 529 2512 639 2546; x_wconf 86' lang='lat' dir='ltr'>egens</span> <span class='ocrx_word' id='word_1_356' title='bbox 669 2502 699 2535; x_wconf 88' lang='lat' dir='ltr'><em>C</em></span> <span class='ocrx_word' id='word_1_357' title='bbox 770 2502 897 2537; x_wconf 85' lang='lat' dir='ltr'>crescit</span> <span class='ocrx_word' id='word_1_358' title='bbox 923 2501 970 2536; x_wconf 85' lang='lat' dir='ltr'><em>M</em></span> <span class='ocrx_word' id='word_1_359' title='bbox 1043 2502 1085 2536; x_wconf 87' lang='grc'>14</span> <span class='ocrx_word' id='word_1_360' title='bbox 1113 2501 1263 2536; x_wconf 85' lang='lat' dir='ltr'>redditis</span> <span class='ocrx_word' id='word_1_361' title='bbox 1290 2513 1334 2536; x_wconf 68' lang='lat' dir='ltr'>ex</span> <span class='ocrx_word' id='word_1_362' title='bbox 1359 2501 1501 2535; x_wconf 87' lang='lat' dir='ltr'>redditu</span> <span class='ocrx_word' id='word_1_363' title='bbox 1530 2513 1573 2534; x_wconf 88' lang='lat' dir='ltr'>m.</span> <span class='ocrx_word' id='word_1_364' title='bbox 1602 2503 1619 2533; x_wconf 92' lang='lat'><em>1</em></span> <span class='ocrx_word' id='word_1_365' title='bbox 1646 2499 1679 2533; x_wconf 58' lang='grc' dir='ltr'>Ι)</span> 
     </span>
    </p>

    <p class='ocr_par' dir='ltr' id='par_1_12' title="bbox 150 2552 1681 2839">
     <span class='ocr_line' id='line_1_38' title="bbox 199 2552 1681 2605; baseline -0.001 -11"><span class='ocrx_word' id='word_1_366' title='bbox 199 2561 234 2594; x_wconf 90' lang='lat' dir='ltr'>in</span> <span class='ocrx_word' id='word_1_367' title='bbox 261 2571 297 2595; x_wconf 89' lang='lat' dir='ltr'>se</span> <span class='ocrx_word' id='word_1_368' title='bbox 325 2561 498 2605; x_wconf 85' lang='lat' dir='ltr'>crescere]</span> <span class='ocrx_word' id='word_1_369' title='bbox 527 2561 723 2595; x_wconf 87' lang='lat' dir='ltr'>increscere</span> <span class='ocrx_word' id='word_1_370' title='bbox 751 2562 783 2595; x_wconf 83' lang='lat' dir='ltr'><em>A</em></span> <span class='ocrx_word' id='word_1_371' title='bbox 811 2572 968 2596; x_wconf 84' lang='lat' dir='ltr'>crescere</span> <span class='ocrx_word' id='word_1_372' title='bbox 994 2561 1043 2595; x_wconf 86' lang='lat' dir='ltr'><em>M</em></span> <span class='ocrx_word' id='word_1_373' title='bbox 1103 2552 1109 2555; x_wconf 19' lang='lat' dir='ltr'>l</span> <span class='ocrx_word' id='word_1_374' title='bbox 1136 2562 1224 2596; x_wconf 84' lang='lat' dir='ltr'>facit</span> <span class='ocrx_word' id='word_1_375' title='bbox 1249 2561 1296 2595; x_wconf 82' lang='grc' dir='ltr'><strong>Μ</strong></span> <span class='ocrx_word' id='word_1_376' title='bbox 1417 2562 1458 2594; x_wconf 72' lang='lat'>15</span> <span class='ocrx_word' id='word_1_377' title='bbox 1487 2559 1681 2605; x_wconf 82' lang='lat' dir='ltr'>praeditur,</span> 
     </span>
     <span class='ocr_line' id='line_1_39' title="bbox 151 2617 1679 2664; baseline -0.001 -11"><span class='ocrx_word' id='word_1_378' title='bbox 151 2631 195 2655; x_wconf 90' lang='lat' dir='ltr'>m.</span> <span class='ocrx_word' id='word_1_379' title='bbox 223 2620 248 2652; x_wconf 88' lang='grc'>2</span> <span class='ocrx_word' id='word_1_380' title='bbox 274 2618 435 2664; x_wconf 87' lang='lat' dir='ltr'>perditur</span> <span class='ocrx_word' id='word_1_381' title='bbox 459 2619 486 2653; x_wconf 94' lang='grc' dir='ltr'><em>Ι</em></span> <span class='ocrx_word' id='word_1_382' title='bbox 597 2619 777 2664; x_wconf 81' lang='lat' dir='ltr'>reddenti}</span> <span class='ocrx_word' id='word_1_383' title='bbox 807 2622 843 2655; x_wconf 90' lang='lat' dir='ltr'>et</span> <span class='ocrx_word' id='word_1_384' title='bbox 868 2619 1033 2656; x_wconf 81' lang='lat' dir='ltr'>reddenti</span> <span class='ocrx_word' id='word_1_385' title='bbox 1059 2619 1174 2655; x_wconf 85' lang='lat' dir='ltr'>HPE</span> <span class='ocrx_word' id='word_1_386' title='bbox 1197 2619 1380 2655; x_wconf 75' lang='lat' dir='ltr'>reddendi.</span> <span class='ocrx_word' id='word_1_387' title='bbox 1409 2631 1450 2653; x_wconf 89' lang='lat' dir='ltr'>m.</span> <span class='ocrx_word' id='word_1_388' title='bbox 1479 2621 1504 2653; x_wconf 92' lang='grc'>2</span> <span class='ocrx_word' id='word_1_389' title='bbox 1529 2617 1679 2652; x_wconf 86' lang='lat' dir='ltr'>redden·</span> 
     </span>
     <span class='ocr_line' id='line_1_40' title="bbox 150 2676 1680 2724; baseline -0.001 -12"><span class='ocrx_word' id='word_1_390' title='bbox 150 2678 180 2712; x_wconf 87' lang='lat' dir='ltr'>ti</span> <span class='ocrx_word' id='word_1_391' title='bbox 207 2677 254 2712; x_wconf 89' lang='lat' dir='ltr'><strong><em>M</em></strong></span> <span class='ocrx_word' id='word_1_392' title='bbox 304 2678 346 2712; x_wconf 89' lang='grc'>16</span> <span class='ocrx_word' id='word_1_393' title='bbox 373 2679 407 2712; x_wconf 84' lang='grc' dir='ltr'>ἰη</span> <span class='ocrx_word' id='word_1_394' title='bbox 436 2689 476 2713; x_wconf 92' lang='lat' dir='ltr'>eo</span> <span class='ocrx_word' id='word_1_395' title='bbox 502 2690 569 2713; x_wconf 80' lang='lat' dir='ltr'>om.</span> <span class='ocrx_word' id='word_1_396' title='bbox 600 2679 713 2713; x_wconf 80' lang='lat' dir='ltr'>HPE</span> <span class='ocrx_word' id='word_1_397' title='bbox 782 2679 858 2724; x_wconf 86' lang='lat' dir='ltr'>ipse</span> <span class='ocrx_word' id='word_1_398' title='bbox 885 2678 1038 2713; x_wconf 85' lang='lat' dir='ltr'>reddens</span> <span class='ocrx_word' id='word_1_399' title='bbox 1064 2679 1144 2713; x_wconf 79' lang='lat' dir='ltr'>edd.</span> <span class='ocrx_word' id='word_1_400' title='bbox 1219 2679 1396 2713; x_wconf 79' lang='lat' dir='ltr'>seruiatur</span> <span class='ocrx_word' id='word_1_401' title='bbox 1425 2679 1455 2712; x_wconf 87' lang='lat' dir='ltr'><em>C</em></span> <span class='ocrx_word' id='word_1_402' title='bbox 1506 2679 1546 2711; x_wconf 60' lang='lat'>18</span> <span class='ocrx_word' id='word_1_403' title='bbox 1574 2676 1680 2711; x_wconf 66' lang='lat' dir='ltr'>debet</span> 
     </span>
     <span class='ocr_line' id='line_1_41' title="bbox 152 2735 1678 2783; baseline -0.001 -13"><span class='ocrx_word' id='word_1_404' title='bbox 152 2737 256 2771; x_wconf 83' lang='lat' dir='ltr'>horno</span> <span class='ocrx_word' id='word_1_405' title='bbox 278 2736 443 2772; x_wconf 82' lang='lat' dir='ltr'><em>MACP²</em></span> <span class='ocrx_word' id='word_1_406' title='bbox 463 2737 543 2772; x_wconf 80' lang='lat' dir='ltr'>edd.</span> <span class='ocrx_word' id='word_1_407' title='bbox 595 2739 638 2772; x_wconf 84' lang='lat'>19</span> <span class='ocrx_word' id='word_1_408' title='bbox 660 2740 715 2771; x_wconf 84' lang='lat' dir='ltr'>est</span> <span class='ocrx_word' id='word_1_409' title='bbox 735 2749 800 2772; x_wconf 88' lang='lat' dir='ltr'>om.</span> <span class='ocrx_word' id='word_1_410' title='bbox 822 2738 856 2771; x_wconf 81' lang='lat' dir='ltr'><strong><em>A</em></strong></span> <span class='ocrx_word' id='word_1_411' title='bbox 931 2738 1069 2783; x_wconf 77' lang='lat' dir='ltr'>accepit</span> <span class='ocrx_word' id='word_1_412' title='bbox 1096 2738 1149 2782; x_wconf 83' lang='lat' dir='ltr'>ut}</span> <span class='ocrx_word' id='word_1_413' title='bbox 1178 2741 1346 2783; x_wconf 82' lang='lat' dir='ltr'>acceptus</span> <span class='ocrx_word' id='word_1_414' title='bbox 1367 2737 1401 2771; x_wconf 89' lang='lat' dir='ltr'><strong><em>P</em></strong></span> <span class='ocrx_word' id='word_1_415' title='bbox 1448 2736 1493 2771; x_wconf 89' lang='grc'>20</span> <span class='ocrx_word' id='word_1_416' title='bbox 1521 2735 1678 2779; x_wconf 67' lang='lat' dir='ltr'>Caesari}</span> 
     </span>
     <span class='ocr_line' id='line_1_42' title="bbox 150 2794 1678 2839; baseline -0.001 -11"><span class='ocrx_word' id='word_1_417' title='bbox 150 2796 306 2830; x_wconf 80' lang='lat' dir='ltr'>caesaris</span> <span class='ocrx_word' id='word_1_418' title='bbox 333 2795 367 2829; x_wconf 93' lang='lat' dir='ltr'><strong><em>P</em></strong></span> <span class='ocrx_word' id='word_1_419' title='bbox 462 2796 595 2830; x_wconf 87' lang='lat' dir='ltr'>caesari</span> <span class='ocrx_word' id='word_1_420' title='bbox 622 2798 680 2839; x_wconf 84' lang='lat' dir='ltr'>(m.</span> <span class='ocrx_word' id='word_1_421' title='bbox 708 2797 734 2829; x_wconf 89' lang='grc'>2</span> <span class='ocrx_word' id='word_1_422' title='bbox 759 2796 926 2830; x_wconf 84' lang='lat' dir='ltr'>caesaris&gt;</span> <span class='ocrx_word' id='word_1_423' title='bbox 954 2799 1037 2830; x_wconf 80' lang='lat' dir='ltr'>sunt</span> <span class='ocrx_word' id='word_1_424' title='bbox 1063 2796 1087 2830; x_wconf 91' lang='grc' dir='ltr'><em>Ι</em></span> <span class='ocrx_word' id='word_1_425' title='bbox 1112 2798 1197 2830; x_wconf 87' lang='lat' dir='ltr'>sunt</span> <span class='ocrx_word' id='word_1_426' title='bbox 1224 2796 1376 2830; x_wconf 55' lang='lat' dir='ltr'>caesaris</span> <span class='ocrx_word' id='word_1_427' title='bbox 1401 2795 1549 2830; x_wconf 75' lang='lat' dir='ltr'>ACsec.</span> <span class='ocrx_word' id='word_1_428' title='bbox 1578 2794 1678 2837; x_wconf 66' lang='lat' dir='ltr'>i‘ulst.</span> 
     </span>
    </p>
   </div>
  </div>
 </body>
</html>
