1924 3122
680 184 1031 229 epistularum
1069 184 1277 220 CXXXVII.
1654 189 1736 229 115

203 315 326 358 culis.
360 316 501 355 utrum
535 313 661 355 etiam
694 315 884 355 mortuos
918 314 1232 363 suscstauerint,
1265 314 1328 356 illi
1362 315 1557 368 uiderint,
1592 316 1663 369 qui
1696 318 1737 358 et

202 385 429 439 Apuleium
469 398 512 426 se
551 387 696 427 contra
733 385 990 438 magicarum
1031 385 1182 426 artium
1223 385 1397 427 crimina
1442 387 1735 441 copiosissime

202 456 494 497 defendentem
527 459 730 498 conantur
760 468 839 497 non
874 456 1107 497 accusando
1136 455 1209 497 sed
1235 457 1443 499 laudando
1472 458 1734 500 conuincere.

203 540 278 569 nos
311 527 494 581 legimus
527 540 674 582 magos
706 527 1011 582 Aegyptiorum
1051 527 1229 569 istarum
1267 529 1418 570 artium
1452 529 1735 582 peritissimos

203 613 226 640 a
257 599 418 652 Moyse,
452 599 610 641 famulo
645 599 724 649 dei,
758 599 890 640 fuisse
925 603 1160 652 superatos,
1189 612 1283 640 cum
1311 600 1373 640 illi
1401 601 1605 653 quaedam
1632 602 1736 643 mira

202 670 390 712 nefandis
430 670 590 712 artibus
631 672 814 724 agerent,
848 670 920 711 ille
963 670 1039 712 deo
1073 670 1323 723 simpliciter
1354 671 1550 713 inuocato
1584 675 1736 714 cuncta

203 754 345 783 eorum
372 741 708 783 machinamenta
742 742 1020 784 subuerteret.
1055 741 1128 783 sed
1157 744 1198 782 et
1223 742 1314 794 ipse
1342 742 1512 796 Moyses
1542 745 1582 784 et
1609 744 1735 784 ceteri

201 813 429 867 prophetae
469 813 733 854 ueracissimi
772 813 988 855 dominum
1029 812 1245 854 Christum
1290 813 1651 868 prophetauerunt
1695 817 1735 856 et

202 885 239 926 ei
272 885 448 939 gloriam
481 897 674 938 magnam
709 884 927 935 dederunt,
961 884 1071 926 hunc
1105 897 1184 926 non
1218 887 1432 937 tamquam
1473 898 1614 939 parem
1655 886 1734 927 sibi

203 967 278 996 nec
321 955 360 995 in
408 955 553 996 eadem
598 955 896 997 miraculorum
947 956 1137 1008 potentia
1182 956 1441 1010 superiorem
1493 956 1565 997 sed
1615 956 1735 1010 plane

202 1026 414 1068 dominum
449 1027 572 1068 deum
607 1028 794 1068 omnium
829 1029 870 1069 et
902 1027 1113 1068 hominem
1146 1029 1316 1081 propter
1352 1027 1543 1068 homines
1575 1027 1734 1069 factum

201 1100 427 1139 uenturum
461 1099 871 1151 praenuntiauerunt.
908 1098 979 1152 qui
1012 1101 1231 1153 propterea
1264 1100 1306 1140 et
1335 1099 1428 1152 ipse
1460 1098 1562 1139 talia
1599 1098 1735 1140 facere

201 1169 353 1219 uoluit,
385 1182 434 1210 ne
468 1172 581 1211 esset
612 1170 857 1219 absurdum,
891 1170 962 1223 qui
1001 1183 1073 1223 per
1109 1170 1207 1211 illos
1246 1169 1414 1219 fecerat,
1449 1170 1485 1211 si
1527 1169 1618 1223 ipse
1652 1183 1732 1211 non

199 1240 369 1281 faceret.
403 1240 477 1282 sed
509 1243 647 1282 tamen
680 1244 722 1282 et
753 1240 913 1294 aliquid
945 1240 1160 1295 proprium
1193 1240 1327 1282 facere
1355 1240 1513 1291 debuit,
1542 1240 1657 1281 nasci
1684 1240 1733 1282 de

320 1361 339 1392 4
369 1359 429 1392 Ex.
460 1369 487 1392 c.
517 1359 535 1392 7
563 1360 599 1392 et
625 1358 646 1392 8
735 1359 837 1403 7-—p.
869 1358 946 1397 116.
975 1358 996 1392 2
1023 1375 1067 1388 Ξ
1095 1358 1254 1394 Cassian.
1283 1358 1326 1392 de
1352 1359 1485 1394 incarn.
1513 1357 1648 1393 Christi
1676 1357 1732 1392 dei

203 1426 326 1452 contra
352 1418 496 1452 Nestor.
523 1417 592 1452 VII
618 1418 661 1452 27
689 1417 758 1461 (ed.
785 1418 1015 1462 Petschenig.
1044 1419 1059 1452 I
1086 1430 1119 1463 p.
1147 1418 1227 1458 386,
1256 1419 1385 1462 1—12)

253 1490 267 1522 1
298 1492 458 1523 mortuos
486 1500 553 1524 om.
582 1489 625 1522 K
646 1492 807 1524 mortuos
833 1491 969 1533 (ortuos
996 1490 1037 1523 in
1062 1495 1152 1531 ras.)
1174 1489 1212 1524 D
1238 1489 1399 1532 mortuis,
1427 1500 1469 1522 m.
1491 1491 1509 1522 1
1529 1499 1619 1523 corr.
1639 1499 1732 1522 mor-

203 1552 284 1582 tuos
317 1548 367 1583 W
459 1549 737 1587 suscitauerunt,
766 1561 808 1582 m.
839 1552 862 1582 3
889 1549 1146 1583 suscitauerint
1164 1549 1207 1582 H
1230 1549 1461 1582 suscitauerit
1487 1547 1535 1582 P*
1632 1547 1733 1581 uidc-

202 1608 274 1641 rint
301 1618 373 1641 ras.
401 1618 444 1642 ex
470 1607 638 1642 uiderunt
664 1608 711 1642 M
735 1607 903 1641 uiderunt
936 1607 1016 1642 WA
1090 1607 1111 1640 2
1138 1607 1344 1652 apulegium
1375 1607 1404 1640 C
1427 1606 1661 1652 apodegium.
1687 1618 1731 1639 m.

201 1670 241 1701 ut
267 1667 342 1701 uid.
370 1670 388 1701 1
414 1678 505 1702 corr.
535 1667 757 1712 apd-legium
790 1667 839 1701 W
861 1667 1038 1712 apoleium
1059 1667 1101 1700 K
1125 1667 1327 1712 apuleieum
1353 1667 1388 1700 P
1459 1666 1651 1711 Apuleium
1679 1667 1730 1710 se]

201 1726 375 1771 apuleius⁷
407 1738 451 1760 m.
481 1728 506 1760 2
538 1726 715 1770 apuleium
742 1726 786 1760 H
927 1726 1144 1770 magicarum
1176 1728 1211 1768 (a
1240 1737 1295 1770 pr.
1329 1730 1361 1760 et
1387 1737 1404 1760 c
1435 1736 1551 1770 supra
1583 1736 1669 1767 ras,
1696 1725 1732 1767 gi

200 1786 373 1829 refectum
399 1797 443 1820 m.
471 1787 502 1827 1)
534 1784 585 1820 W
606 1797 790 1830 magorum
818 1786 856 1820 D
954 1785 1112 1822 crimine.
1138 1797 1182 1820 m.
1213 1789 1236 1820 3
1263 1786 1395 1820 crimen
1421 1785 1466 1819 H
1560 1785 1733 1830 copiosis-

201 1845 299 1879 simis
326 1856 406 1879 aere
433 1847 491 1881 (m.
519 1848 543 1879 3
569 1845 804 1890 argumentis)
831 1845 1066 1879 defendentes
1092 1845 1135 1879 H
1201 1846 1222 1880 3
1247 1845 1430 1879 delentem
1456 1843 1504 1878 P¹
1605 1854 1731 1878 conan-

201 1907 260 1939 tur
285 1916 352 1938 om.
381 1904 422 1938 K
499 1904 715 1939 accusanssdo
743 1905 829 1948 (fuit
856 1907 886 1948 s)
916 1904 946 1939 C
1029 1905 1106 1950 sed]
1136 1905 1194 1939 uel
1220 1905 1282 1939 sed
1308 1905 1381 1949 (uel
1409 1904 1491 1947 del.)
1517 1904 1559 1938 H
1629 1905 1650 1938 4
1678 1915 1731 1937 ar-

202 1965 292 1999 tium
319 1964 468 1998 istarum
495 1963 543 1998 Ρ1
570 1965 648 1999 edd.
778 1965 925 1999 »artium
953 1965 1003 1998 M
1119 1966 1140 1998 5
1167 1976 1187 1999 a
1212 1964 1337 2010 moysi,
1364 1976 1408 1998 m.
1437 1966 1462 1998 2
1488 1975 1508 1998 a
1534 1974 1654 2008 moyse
1688 1962 1737 1996 W

202 2035 331 2064 amore,
358 2035 402 2057 m.
430 2026 454 2058 2
480 2028 512 2058 et
538 2035 582 2060 m.
611 2026 635 2058 3
661 2035 751 2059 corr.
780 2036 800 2058 a
825 2035 947 2068 moyse
975 2024 1018 2057 H
1114 2025 1207 2068 cum]
1237 2035 1354 2068 quam.
1381 2035 1425 2058 m.
1453 2025 1479 2057 2
1505 2023 1670 2067 quamuis
1697 2023 1732 2056 B

248 2083 320 2127 illa,
348 2095 390 2118 m.
415 2087 431 2117 1
459 2094 551 2118 corr.
577 2083 631 2117 illi
651 2082 699 2116 P¹
786 2083 930 2127 quidam
963 2083 993 2117 C
1016 2083 1161 2128 quidem
1182 2082 1217 2117 R
1286 2084 1306 2117 6
1333 2082 1405 2123 ille,
1433 2094 1476 2116 m.
1499 2084 1522 2115 3
1549 2086 1585 2116 et
1611 2081 1672 2115 ille
1694 2081 1735 2114 ΙΙ

201 2143 264 2179 illi.
294 2154 336 2177 m.
364 2145 389 2177 2
414 2143 475 2177 ille
505 2143 535 2176 C
679 2143 892 2188 suppliciter
917 2143 952 2176 B
984 2143 1063 2177 edd.
1088 2146 1237 2187 praeter
1262 2154 1295 2176 m
1441 2142 1731 2176 machinamenta

196 2214 320 2238 aeorum
349 2207 477 2237 cuneta
502 2202 582 2236 edd.
658 2203 677 2236 7
706 2202 997 2237 machinamenta
1023 2214 1065 2237 ex
1084 2202 1352 2236 mahinamento
1379 2201 1430 2236 W
1498 2200 1560 2235 sed
1588 2201 1638 2244 etl
1668 2199 1730 2233 sed

200 2261 398 2296 DBHAK
538 2264 559 2295 >3
585 2262 818 2301 ueracissimi,
844 2273 888 2296 m.
917 2264 942 2296 2
968 2262 1195 2296 ueracissime
1227 2260 1278 2296 W
1306 2261 1534 2295 ueracissime
1561 2259 1604 2293 H
1629 2260 1730 2293 Cass.

249 2321 430 2355 dominum
459 2321 563 2355 deum
591 2320 763 2355 christum
791 2321 830 2355 D
855 2321 1037 2355 dominum
1064 2321 1181 2355 Iesum
1212 2320 1312 2355 Cass.
1394 2324 1430 2354 et
1456 2331 1522 2354 om.
1551 2319 1588 2353 D
1649 2319 1669 2351 9
1698 2319 1728 2352 ei

200 2390 267 2415 om.
294 2381 375 2415 MA
455 2381 606 2425 gloriam
634 2391 800 2425 magnam
828 2381 859 2414 ei
888 2381 990 2414 edd„
1048 2382 1134 2425 non]
1162 2392 1246 2421 non,
1272 2391 1316 2414 m.
1345 2381 1370 2414 2
1395 2391 1479 2423 ergo
1513 2378 1563 2411 W
1584 2390 1668 2422 ergo
1691 2376 1732 2411 ll

247 2443 384 2485 partem
414 2441 443 2470 Γ
536 2441 578 2474 10
604 2440 639 2474 in
667 2450 733 2474 om.
765 2440 804 2473 H
899 2440 1094 2485 superiore.
1120 2451 1165 2474 m.
1194 2442 1220 2473 2
1245 2439 1464 2484 superiorem
1492 2438 1526 2471 B
1624 2437 1728 2481 plene

205 2498 304 2533 Cass.
431 2499 469 2533 11
499 2499 602 2533 deum
630 2510 697 2533 om.
731 2498 809 2532 TP¹
920 2499 1092 2543 omnium]
1119 2498 1401 2543 omnipotentem
1429 2497 1467 2531 Ι)
1576 2496 1726 2538 sactum}

201 2556 376 2591 facturum
405 2557 446 2591 K
512 2558 555 2591 12
582 2558 905 2603 pronuntiauerunt
933 2557 975 2591 K
1000 2557 1100 2591 Cass.
1177 2547 1213 2591 et
1237 2558 1314 2602 ipse
1342 2565 1399 2597 (m.
1427 2559 1452 2589 2
1478 2556 1560 2600 ipsi)
1588 2554 1677 2587 ‘talia
1701 2554 1731 2586 G

202 2619 238 2650 et
263 2617 341 2660 ipsa
368 2620 404 2650 et
430 2616 500 2650 alia
526 2616 568 2651 M
696 2617 737 2651 13
765 2616 892 2650 uolunt
921 2616 951 2650 C
1035 2644 1040 2651 ,
1065 2627 1129 2650 nec
1155 2619 1187 2659 (c
1213 2617 1307 2660 exp.)
1333 2615 1408 2648 DB
1517 2624 1605 2655 esse,
1633 2623 1676 2646 m.
1705 2616 1728 2645 :2

201 2679 294 2709 esset
328 2675 416 2709 Wll
552 2687 642 2720 quae
669 2675 749 2709 ΒΚ
771 2676 849 2710 edd.
881 2676 1055 2710 Cassiani
1081 2675 1157 2710 cod.
1184 2675 1283 2709 Mus.
1311 2675 1407 2709 Brit.
1436 2675 1557 2707 115414
1583 2676 1615 2705 et
1643 2671 1725 2705 bill.

204 2733 329 2768 Colon.
358 2736 450 2779 Any.
478 2734 572 2779 quod
599 2735 634 2768 P
755 2735 784 2769 si
811 2736 837 2779 (i
863 2736 904 2769 in
929 2746 1003 2769 ras.
1032 2747 1075 2768 m.
1103 2737 1141 2776 2)
1175 2734 1224 2768 W
1343 2734 1384 2767 14
1412 2733 1546 2766 faceret
1572 2734 1606 2773 (a
1632 2736 1663 2765 ct
1691 2737 1725 2764 ct

200 2804 245 2826 m.
273 2797 309 2829 2)
342 2793 391 2827 W
412 2794 545 2828 fecerat
573 2795 603 2828 ζ’

1635 2860 1674 2878 ξ*
