<?xml version="1.0" encoding="UTF-8"?>
<!DOCTYPE html PUBLIC "-//W3C//DTD XHTML 1.0 Transitional//EN"
    "http://www.w3.org/TR/xhtml1/DTD/xhtml1-transitional.dtd">
<html xmlns="http://www.w3.org/1999/xhtml" xml:lang="en" lang="en">
 <head>
  <title>
</title>
<meta http-equiv="Content-Type" content="text/html;charset=utf-8" />
  <meta name='ocr-system' content='tesseract 3.04.00' />
  <meta name='ocr-capabilities' content='ocr_page ocr_carea ocr_par ocr_line ocrx_word'/>
</head>
<body>
  <div class='ocr_page' id='page_1' title='image "./corpusscriptorum44auguuoft_0225.png"; bbox 0 0 1952 3118; ppageno 0'>
   <div class='ocr_carea' id='block_1_1' title="bbox 124 953 160 978">
    <p class='ocr_par' dir='ltr' id='par_1_1' title="bbox 124 953 160 978">
     <span class='ocr_line' id='line_1_1' title="bbox 124 953 160 978; baseline -0.028 0"><span class='ocrx_word' id='word_1_1' title='bbox 124 953 160 978; x_wconf 78' lang='lat'>10</span> 
     </span>
    </p>
   </div>
   <div class='ocr_carea' id='block_1_2' title="bbox 122 1308 155 1333">
    <p class='ocr_par' dir='ltr' id='par_1_2' title="bbox 122 1308 155 1333">
     <span class='ocr_line' id='line_1_2' title="bbox 122 1308 155 1333; baseline 0 0"><span class='ocrx_word' id='word_1_2' title='bbox 122 1308 155 1333; x_wconf 81' lang='lat'>15</span> 
     </span>
    </p>
   </div>
   <div class='ocr_carea' id='block_1_3' title="bbox 117 1665 152 1689">
    <p class='ocr_par' dir='ltr' id='par_1_3' title="bbox 117 1665 152 1689">
     <span class='ocr_line' id='line_1_3' title="bbox 117 1665 152 1689; baseline 0 0"><span class='ocrx_word' id='word_1_3' title='bbox 117 1665 152 1689; x_wconf 84' lang='lat'>20</span> 
     </span>
    </p>
   </div>
   <div class='ocr_carea' id='block_1_4' title="bbox 708 169 1721 216">
    <p class='ocr_par' dir='ltr' id='par_1_4' title="bbox 708 169 1721 216">
     <span class='ocr_line' id='line_1_4' title="bbox 708 169 1721 216; baseline 0.007 -12"><span class='ocrx_word' id='word_1_4' title='bbox 708 170 1063 216; x_wconf 83' lang='lat' dir='ltr'><strong>epistularum</strong></span> <span class='ocrx_word' id='word_1_5' title='bbox 1103 169 1204 205; x_wconf 85' lang='lat' dir='ltr'>CXL.</span> <span class='ocrx_word' id='word_1_6' title='bbox 1637 176 1721 214; x_wconf 55' lang='lat' dir='ltr'>212ss</span> 
     </span>
    </p>
   </div>
   <div class='ocr_carea' id='block_1_5' title="bbox 176 299 1719 2136">
    <p class='ocr_par' dir='ltr' id='par_1_5' title="bbox 176 299 1719 2136">
     <span class='ocr_line' id='line_1_5' title="bbox 190 299 1719 355; baseline 0.001 -14"><span class='ocrx_word' id='word_1_7' title='bbox 190 300 392 350; x_wconf 82' lang='lat' dir='ltr'>cordes,</span> <span class='ocrx_word' id='word_1_8' title='bbox 419 300 610 342; x_wconf 90' lang='lat' dir='ltr'>mundo</span> <span class='ocrx_word' id='word_1_9' title='bbox 637 299 810 350; x_wconf 81' lang='lat' dir='ltr'>corde,</span> <span class='ocrx_word' id='word_1_10' title='bbox 831 300 1061 354; x_wconf 83' lang='lat' dir='ltr'>pacifici</span> <span class='ocrx_word' id='word_1_11' title='bbox 1089 300 1249 354; x_wconf 91' lang='lat' dir='ltr'>etqui</span> <span class='ocrx_word' id='word_1_12' title='bbox 1276 301 1719 355; x_wconf 76' lang='lat' dir='ltr'>persecutionem</span> 
     </span>
     <span class='ocr_line' id='line_1_6' title="bbox 190 371 1719 426; baseline 0.001 -14"><span class='ocrx_word' id='word_1_13' title='bbox 190 371 476 424; x_wconf 87' lang='lat' dir='ltr'>patiuntur</span> <span class='ocrx_word' id='word_1_14' title='bbox 521 373 741 426; x_wconf 90' lang='lat' dir='ltr'>propter</span> <span class='ocrx_word' id='word_1_15' title='bbox 790 371 1083 423; x_wconf 87' lang='lat' dir='ltr'>iustitiam,</span> <span class='ocrx_word' id='word_1_16' title='bbox 1129 372 1283 425; x_wconf 90' lang='lat' dir='ltr'>quibus</span> <span class='ocrx_word' id='word_1_17' title='bbox 1335 372 1719 426; x_wconf 78' lang='lat' dir='ltr'>praedicationibus</span> 
     </span>
     <span class='ocr_line' id='line_1_7' title="bbox 189 442 1719 497; baseline 0.002 -15"><span class='ocrx_word' id='word_1_18' title='bbox 189 442 436 497; x_wconf 86' lang='lat' dir='ltr'>singillatim</span> <span class='ocrx_word' id='word_1_19' title='bbox 463 443 767 485; x_wconf 80' lang='lat' dir='ltr'>beatitudinem</span> <span class='ocrx_word' id='word_1_20' title='bbox 796 442 997 484; x_wconf 83' lang='lat' dir='ltr'>adiunxit.</span> <span class='ocrx_word' id='word_1_21' title='bbox 1021 445 1163 484; x_wconf 88' lang='lat' dir='ltr'>contra</span> <span class='ocrx_word' id='word_1_22' title='bbox 1183 455 1282 497; x_wconf 84' lang='lat' dir='ltr'>ergo</span> <span class='ocrx_word' id='word_1_23' title='bbox 1310 443 1515 485; x_wconf 89' lang='lat' dir='ltr'>diuites</span> <span class='ocrx_word' id='word_1_24' title='bbox 1542 446 1719 485; x_wconf 88' lang='lat' dir='ltr'>terrae</span> 
     </span>
     <span class='ocr_line' id='line_1_8' title="bbox 189 513 1718 568; baseline 0.002 -15"><span class='ocrx_word' id='word_1_25' title='bbox 189 513 266 554; x_wconf 88' lang='lat' dir='ltr'>hoc</span> <span class='ocrx_word' id='word_1_26' title='bbox 304 514 396 555; x_wconf 90' lang='lat' dir='ltr'>loco</span> <span class='ocrx_word' id='word_1_27' title='bbox 437 514 606 567; x_wconf 86' lang='lat' dir='ltr'>superbi</span> <span class='ocrx_word' id='word_1_28' title='bbox 651 513 926 568; x_wconf 88' lang='lat' dir='ltr'>intellegendi</span> <span class='ocrx_word' id='word_1_29' title='bbox 971 516 1082 554; x_wconf 87' lang='lat' dir='ltr'>sunt.</span> <span class='ocrx_word' id='word_1_30' title='bbox 1128 526 1262 567; x_wconf 88' lang='lat' dir='ltr'>neque</span> <span class='ocrx_word' id='word_1_31' title='bbox 1307 514 1415 554; x_wconf 89' lang='lat' dir='ltr'>enim</span> <span class='ocrx_word' id='word_1_32' title='bbox 1461 514 1618 556; x_wconf 87' lang='lat' dir='ltr'>frustra</span> <span class='ocrx_word' id='word_1_33' title='bbox 1661 514 1718 556; x_wconf 84' lang='lat' dir='ltr'>ita</span> 
     </span>
     <span class='ocr_line' id='line_1_9' title="bbox 188 583 1718 638; baseline 0.001 -13"><span class='ocrx_word' id='word_1_34' title='bbox 188 583 377 626; x_wconf 86' lang='lat' dir='ltr'>distincti</span> <span class='ocrx_word' id='word_1_35' title='bbox 427 588 538 628; x_wconf 83' lang='lat' dir='ltr'>sunt.</span> <span class='ocrx_word' id='word_1_36' title='bbox 590 588 637 626; x_wconf 86' lang='lat' dir='ltr'>ut</span> <span class='ocrx_word' id='word_1_37' title='bbox 688 585 736 626; x_wconf 89' lang='lat' dir='ltr'>de</span> <span class='ocrx_word' id='word_1_38' title='bbox 787 585 1043 638; x_wconf 82' lang='lat' dir='ltr'>pauperibus</span> <span class='ocrx_word' id='word_1_39' title='bbox 1095 598 1222 638; x_wconf 82' lang='lat' dir='ltr'>supra</span> <span class='ocrx_word' id='word_1_40' title='bbox 1272 585 1495 627; x_wconf 81' lang='lat' dir='ltr'>diceretur:</span> <span class='ocrx_word' id='word_1_41' title='bbox 1548 585 1718 627; x_wconf 87' lang='lat' dir='ltr'>Edent</span> 
     </span>
     <span class='ocr_line' id='line_1_10' title="bbox 188 656 1718 709; baseline 0.002 -14"><span class='ocrx_word' id='word_1_42' title='bbox 188 667 451 709; x_wconf 85' lang='lat' dir='ltr'>pauperes</span> <span class='ocrx_word' id='word_1_43' title='bbox 486 662 535 698; x_wconf 91' lang='lat' dir='ltr'>et</span> <span class='ocrx_word' id='word_1_44' title='bbox 562 656 970 705; x_wconf 80' lang='lat' dir='ltr'>saturabuntur,</span> <span class='ocrx_word' id='word_1_45' title='bbox 998 656 1066 698; x_wconf 91' lang='lat' dir='ltr'>hic</span> <span class='ocrx_word' id='word_1_46' title='bbox 1094 668 1214 697; x_wconf 90' lang='lat' dir='ltr'>uero:</span> <span class='ocrx_word' id='word_1_47' title='bbox 1248 656 1718 698; x_wconf 88' lang='lat' dir='ltr'>Manducauerunt</span> 
     </span>
     <span class='ocr_line' id='line_1_11' title="bbox 187 726 1716 782; baseline 0.001 -15"><span class='ocrx_word' id='word_1_48' title='bbox 187 729 237 767; x_wconf 89' lang='lat' dir='ltr'>et</span> <span class='ocrx_word' id='word_1_49' title='bbox 269 726 636 769; x_wconf 88' lang='lat' dir='ltr'>adorauerunt</span> <span class='ocrx_word' id='word_1_50' title='bbox 668 739 847 768; x_wconf 90' lang='lat' dir='ltr'>omnes</span> <span class='ocrx_word' id='word_1_51' title='bbox 882 727 1090 768; x_wconf 89' lang='lat' dir='ltr'>diuites</span> <span class='ocrx_word' id='word_1_52' title='bbox 1130 729 1320 768; x_wconf 88' lang='lat' dir='ltr'>terrae.</span> <span class='ocrx_word' id='word_1_53' title='bbox 1361 730 1403 768; x_wconf 87' lang='lat' dir='ltr'>et</span> <span class='ocrx_word' id='word_1_54' title='bbox 1441 727 1521 781; x_wconf 91' lang='lat' dir='ltr'>ipsi</span> <span class='ocrx_word' id='word_1_55' title='bbox 1562 728 1716 782; x_wconf 88' lang='lat' dir='ltr'>quippe</span> 
     </span>
     <span class='ocr_line' id='line_1_12' title="bbox 187 797 1717 852; baseline 0.001 -15"><span class='ocrx_word' id='word_1_56' title='bbox 187 797 357 839; x_wconf 84' lang='lat' dir='ltr'>adducti</span> <span class='ocrx_word' id='word_1_57' title='bbox 396 802 493 840; x_wconf 88' lang='lat' dir='ltr'>sunt</span> <span class='ocrx_word' id='word_1_58' title='bbox 532 798 582 840; x_wconf 86' lang='lat' dir='ltr'>ad</span> <span class='ocrx_word' id='word_1_59' title='bbox 621 810 808 840; x_wconf 87' lang='lat' dir='ltr'>mensam</span> <span class='ocrx_word' id='word_1_60' title='bbox 849 797 1003 840; x_wconf 79' lang='lat' dir='ltr'>Christi</span> <span class='ocrx_word' id='word_1_61' title='bbox 1043 800 1085 840; x_wconf 90' lang='lat' dir='ltr'>et</span> <span class='ocrx_word' id='word_1_62' title='bbox 1122 797 1336 852; x_wconf 87' lang='lat' dir='ltr'>accipiunt</span> <span class='ocrx_word' id='word_1_63' title='bbox 1372 797 1422 839; x_wconf 88' lang='lat' dir='ltr'>de</span> <span class='ocrx_word' id='word_1_64' title='bbox 1461 811 1632 852; x_wconf 89' lang='lat' dir='ltr'>corpore</span> <span class='ocrx_word' id='word_1_65' title='bbox 1676 801 1717 840; x_wconf 89' lang='lat' dir='ltr'>et</span> 
     </span>
     <span class='ocr_line' id='line_1_13' title="bbox 187 870 1715 923; baseline 0.001 -13"><span class='ocrx_word' id='word_1_66' title='bbox 187 870 389 923; x_wconf 82' lang='lat' dir='ltr'>sanguine</span> <span class='ocrx_word' id='word_1_67' title='bbox 435 870 538 913; x_wconf 84' lang='lat' dir='ltr'>eius.</span> <span class='ocrx_word' id='word_1_68' title='bbox 585 870 659 911; x_wconf 90' lang='lat' dir='ltr'>sed</span> <span class='ocrx_word' id='word_1_69' title='bbox 703 870 876 911; x_wconf 87' lang='lat' dir='ltr'>adorant</span> <span class='ocrx_word' id='word_1_70' title='bbox 926 872 1106 919; x_wconf 88' lang='lat' dir='ltr'>tantum,</span> <span class='ocrx_word' id='word_1_71' title='bbox 1150 883 1230 911; x_wconf 91' lang='lat' dir='ltr'>non</span> <span class='ocrx_word' id='word_1_72' title='bbox 1282 870 1409 911; x_wconf 88' lang='lat' dir='ltr'>etiam</span> <span class='ocrx_word' id='word_1_73' title='bbox 1461 872 1715 919; x_wconf 74' lang='lat' dir='ltr'>saturantur,</span> 
     </span>
     <span class='ocr_line' id='line_1_14' title="bbox 186 940 1716 994; baseline -0.001 -12"><span class='ocrx_word' id='word_1_74' title='bbox 186 940 383 993; x_wconf 81' lang='lat' dir='ltr'>quoniam</span> <span class='ocrx_word' id='word_1_75' title='bbox 429 954 507 982; x_wconf 92' lang='lat' dir='ltr'>non</span> <span class='ocrx_word' id='word_1_76' title='bbox 555 941 785 982; x_wconf 78' lang='lat' dir='ltr'>imitantur.</span> <span class='ocrx_word' id='word_1_77' title='bbox 831 941 1130 982; x_wconf 79' lang='lat' dir='ltr'>manducantes</span> <span class='ocrx_word' id='word_1_78' title='bbox 1177 940 1287 982; x_wconf 92' lang='lat' dir='ltr'>enim</span> <span class='ocrx_word' id='word_1_79' title='bbox 1332 953 1558 994; x_wconf 84' lang='lat' dir='ltr'>pauperem</span> <span class='ocrx_word' id='word_1_80' title='bbox 1604 940 1716 982; x_wconf 85' lang='lat' dir='ltr'>dedi-</span> 
     </span>
     <span class='ocr_line' id='line_1_15' title="bbox 184 1011 1714 1066; baseline 0 -14"><span class='ocrx_word' id='word_1_81' title='bbox 184 1014 365 1065; x_wconf 83' lang='lat' dir='ltr'>gnantur</span> <span class='ocrx_word' id='word_1_82' title='bbox 391 1025 484 1053; x_wconf 89' lang='lat' dir='ltr'>esse</span> <span class='ocrx_word' id='word_1_83' title='bbox 512 1025 732 1066; x_wconf 80' lang='lat' dir='ltr'>pauperes,</span> <span class='ocrx_word' id='word_1_84' title='bbox 761 1012 886 1065; x_wconf 89' lang='lat' dir='ltr'>quia</span> <span class='ocrx_word' id='word_1_85' title='bbox 919 1011 1174 1053; x_wconf 86' lang='lat' dir='ltr'>Christus</span> <span class='ocrx_word' id='word_1_86' title='bbox 1207 1024 1299 1065; x_wconf 91' lang='lat' dir='ltr'>pro</span> <span class='ocrx_word' id='word_1_87' title='bbox 1332 1011 1486 1052; x_wconf 89' lang='lat' dir='ltr'>nobis</span> <span class='ocrx_word' id='word_1_88' title='bbox 1518 1024 1714 1065; x_wconf 79' lang='lat' dir='ltr'>passus</span> 
     </span>
     <span class='ocr_line' id='line_1_16' title="bbox 185 1083 1716 1136; baseline 0.001 -13"><span class='ocrx_word' id='word_1_89' title='bbox 185 1085 266 1123; x_wconf 87' lang='lat' dir='ltr'>est</span> <span class='ocrx_word' id='word_1_90' title='bbox 329 1083 644 1136; x_wconf 89' lang='lat' dir='ltr'>relinquens</span> <span class='ocrx_word' id='word_1_91' title='bbox 709 1083 862 1124; x_wconf 86' lang='lat' dir='ltr'>nobis</span> <span class='ocrx_word' id='word_1_92' title='bbox 927 1083 1247 1136; x_wconf 78' lang='lat' dir='ltr'>exemplum,</span> <span class='ocrx_word' id='word_1_93' title='bbox 1311 1086 1368 1123; x_wconf 80' lang='lat' dir='ltr'>ut.</span> <span class='ocrx_word' id='word_1_94' title='bbox 1429 1095 1716 1135; x_wconf 89' lang='lat' dir='ltr'>sequamur</span> 
     </span>
     <span class='ocr_line' id='line_1_17' title="bbox 184 1154 1714 1208; baseline -0.001 -13"><span class='ocrx_word' id='word_1_95' title='bbox 184 1155 427 1208; x_wconf 86' lang='lat' dir='ltr'>uestigia</span> <span class='ocrx_word' id='word_1_96' title='bbox 467 1155 596 1196; x_wconf 87' lang='lat' dir='ltr'>eius.</span> <span class='ocrx_word' id='word_1_97' title='bbox 638 1168 783 1196; x_wconf 88' lang='lat' dir='ltr'>uerum</span> <span class='ocrx_word' id='word_1_98' title='bbox 823 1159 978 1203; x_wconf 77' lang='lat' dir='ltr'>tamen.¹</span> <span class='ocrx_word' id='word_1_99' title='bbox 1019 1154 1131 1208; x_wconf 92' lang='lat' dir='ltr'>quod</span> <span class='ocrx_word' id='word_1_100' title='bbox 1176 1154 1501 1195; x_wconf 88' lang='lat' dir='ltr'>humiliauit</span> <span class='ocrx_word' id='word_1_101' title='bbox 1545 1157 1714 1196; x_wconf 89' lang='lat' dir='ltr'>semet</span> 
     </span>
     <span class='ocr_line' id='line_1_18' title="bbox 183 1225 1711 1279; baseline -0.001 -12"><span class='ocrx_word' id='word_1_102' title='bbox 183 1225 357 1278; x_wconf 91' lang='lat' dir='ltr'>ipsum</span> <span class='ocrx_word' id='word_1_103' title='bbox 391 1227 572 1267; x_wconf 86' lang='lat' dir='ltr'>factus</span> <span class='ocrx_word' id='word_1_104' title='bbox 607 1226 902 1267; x_wconf 87' lang='lat' dir='ltr'>oboediens</span> <span class='ocrx_word' id='word_1_105' title='bbox 936 1238 1106 1279; x_wconf 86' lang='lat' dir='ltr'>usque</span> <span class='ocrx_word' id='word_1_106' title='bbox 1140 1225 1200 1266; x_wconf 86' lang='lat' dir='ltr'>ad</span> <span class='ocrx_word' id='word_1_107' title='bbox 1226 1228 1464 1275; x_wconf 78' lang='lat' dir='ltr'>mortem,</span> <span class='ocrx_word' id='word_1_108' title='bbox 1491 1228 1711 1267; x_wconf 90' lang='lat' dir='ltr'>mortem</span> 
     </span>
     <span class='ocr_line' id='line_1_19' title="bbox 183 1296 1713 1351; baseline 0.001 -14"><span class='ocrx_word' id='word_1_109' title='bbox 183 1299 355 1338; x_wconf 89' lang='lat' dir='ltr'>autem</span> <span class='ocrx_word' id='word_1_110' title='bbox 385 1297 576 1346; x_wconf 73' lang='lat' dir='ltr'>crucis,</span> <span class='ocrx_word' id='word_1_111' title='bbox 605 1299 878 1351; x_wconf 88' lang='lat' dir='ltr'>aspernantur</span> <span class='ocrx_word' id='word_1_112' title='bbox 907 1296 1059 1338; x_wconf 85' lang='lat' dir='ltr'>diuites</span> <span class='ocrx_word' id='word_1_113' title='bbox 1086 1299 1128 1338; x_wconf 91' lang='lat' dir='ltr'>et</span> <span class='ocrx_word' id='word_1_114' title='bbox 1154 1297 1310 1338; x_wconf 86' lang='lat' dir='ltr'>similia</span> <span class='ocrx_word' id='word_1_115' title='bbox 1329 1297 1490 1351; x_wconf 81' lang='lat' dir='ltr'>perpeti</span> <span class='ocrx_word' id='word_1_116' title='bbox 1510 1300 1713 1350; x_wconf 88' lang='lat' dir='ltr'>respuunt</span> 
     </span>
     <span class='ocr_line' id='line_1_20' title="bbox 180 1368 1710 1423; baseline -0.001 -14"><span class='ocrx_word' id='word_1_117' title='bbox 180 1371 344 1410; x_wconf 85' lang='lat' dir='ltr'>tumore</span> <span class='ocrx_word' id='word_1_118' title='bbox 383 1382 461 1410; x_wconf 89' lang='lat' dir='ltr'>non</span> <span class='ocrx_word' id='word_1_119' title='bbox 502 1368 805 1423; x_wconf 84' lang='lat' dir='ltr'>magnitudine,</span> <span class='ocrx_word' id='word_1_120' title='bbox 843 1368 1086 1409; x_wconf 86' lang='lat' dir='ltr'>infirmitate</span> <span class='ocrx_word' id='word_1_121' title='bbox 1131 1381 1229 1423; x_wconf 89' lang='lat' dir='ltr'>ergo</span> <span class='ocrx_word' id='word_1_122' title='bbox 1274 1381 1353 1410; x_wconf 92' lang='lat' dir='ltr'>non</span> <span class='ocrx_word' id='word_1_123' title='bbox 1399 1368 1592 1410; x_wconf 85' lang='lat' dir='ltr'>sanitate.</span> <span class='ocrx_word' id='word_1_124' title='bbox 1639 1368 1710 1409; x_wconf 85' lang='lat' dir='ltr'>sed</span> 
     </span>
     <span class='ocr_line' id='line_1_21' title="bbox 180 1439 1708 1492; baseline -0.001 -11"><span class='ocrx_word' id='word_1_125' title='bbox 180 1440 304 1492; x_wconf 89' lang='lat' dir='ltr'>quia</span> <span class='ocrx_word' id='word_1_126' title='bbox 343 1440 471 1481; x_wconf 87' lang='lat' dir='ltr'>deus</span> <span class='ocrx_word' id='word_1_127' title='bbox 511 1453 624 1481; x_wconf 88' lang='lat' dir='ltr'>eum</span> <span class='ocrx_word' id='word_1_128' title='bbox 663 1440 934 1481; x_wconf 82' lang='lat' dir='ltr'>excitauit</span> <span class='ocrx_word' id='word_1_129' title='bbox 974 1454 996 1481; x_wconf 86' lang='lat' dir='ltr'>a</span> <span class='ocrx_word' id='word_1_130' title='bbox 1036 1440 1264 1481; x_wconf 85' lang='lat' dir='ltr'>mortuis</span> <span class='ocrx_word' id='word_1_131' title='bbox 1309 1443 1357 1480; x_wconf 86' lang='lat' dir='ltr'>et</span> <span class='ocrx_word' id='word_1_132' title='bbox 1398 1439 1623 1481; x_wconf 89' lang='lat' dir='ltr'>donauit</span> <span class='ocrx_word' id='word_1_133' title='bbox 1664 1439 1708 1480; x_wconf 91' lang='lat' dir='ltr'>ei</span> 
     </span>
     <span class='ocr_line' id='line_1_22' title="bbox 181 1510 1707 1565; baseline 0 -14"><span class='ocrx_word' id='word_1_134' title='bbox 181 1524 378 1559; x_wconf 84' lang='lat' dir='ltr'>nomen,</span> <span class='ocrx_word' id='word_1_135' title='bbox 413 1511 554 1564; x_wconf 85' lang='lat' dir='ltr'>quod</span> <span class='ocrx_word' id='word_1_136' title='bbox 589 1514 672 1552; x_wconf 87' lang='lat' dir='ltr'>est</span> <span class='ocrx_word' id='word_1_137' title='bbox 704 1524 865 1565; x_wconf 87' lang='lat' dir='ltr'>super</span> <span class='ocrx_word' id='word_1_138' title='bbox 898 1523 1044 1553; x_wconf 90' lang='lat' dir='ltr'>omne</span> <span class='ocrx_word' id='word_1_139' title='bbox 1083 1523 1282 1561; x_wconf 74' lang='lat' dir='ltr'>nomen,</span> <span class='ocrx_word' id='word_1_140' title='bbox 1317 1510 1453 1552; x_wconf 90' lang='lat' dir='ltr'>utin</span> <span class='ocrx_word' id='word_1_141' title='bbox 1498 1510 1707 1552; x_wconf 89' lang='lat' dir='ltr'>nomine</span> 
     </span>
     <span class='ocr_line' id='line_1_23' title="bbox 179 1581 1708 1637; baseline 0 -15"><span class='ocrx_word' id='word_1_142' title='bbox 179 1581 303 1623; x_wconf 87' lang='lat' dir='ltr'>Iesu</span> <span class='ocrx_word' id='word_1_143' title='bbox 338 1583 606 1624; x_wconf 84' lang='lat' dir='ltr'>flectatur</span> <span class='ocrx_word' id='word_1_144' title='bbox 639 1595 784 1624; x_wconf 88' lang='lat' dir='ltr'>omne</span> <span class='ocrx_word' id='word_1_145' title='bbox 818 1595 955 1637; x_wconf 88' lang='lat' dir='ltr'>genu</span> <span class='ocrx_word' id='word_1_146' title='bbox 988 1582 1328 1630; x_wconf 73' lang='lat' dir='ltr'>caelestium,</span> <span class='ocrx_word' id='word_1_147' title='bbox 1362 1582 1708 1623; x_wconf 89' lang='lat' dir='ltr'>terrestrium</span> 
     </span>
     <span class='ocr_line' id='line_1_24' title="bbox 180 1652 1707 1708; baseline -0.001 -14"><span class='ocrx_word' id='word_1_148' title='bbox 180 1657 229 1694; x_wconf 91' lang='lat' dir='ltr'>et</span> <span class='ocrx_word' id='word_1_149' title='bbox 272 1654 620 1703; x_wconf 76' lang='lat' dir='ltr'>infernorum,</span> <span class='ocrx_word' id='word_1_150' title='bbox 666 1655 775 1695; x_wconf 82' lang='lat' dir='ltr'>fama</span> <span class='ocrx_word' id='word_1_151' title='bbox 821 1653 1086 1695; x_wconf 86' lang='lat' dir='ltr'>celsitudinis</span> <span class='ocrx_word' id='word_1_152' title='bbox 1132 1653 1222 1695; x_wconf 88' lang='lat' dir='ltr'>eius</span> <span class='ocrx_word' id='word_1_153' title='bbox 1264 1656 1305 1694; x_wconf 90' lang='lat' dir='ltr'>et</span> <span class='ocrx_word' id='word_1_154' title='bbox 1349 1652 1484 1708; x_wconf 87' lang='lat' dir='ltr'>gloria</span> <span class='ocrx_word' id='word_1_155' title='bbox 1527 1652 1707 1694; x_wconf 86' lang='lat' dir='ltr'>nominis</span> 
     </span>
     <span class='ocr_line' id='line_1_25' title="bbox 179 1724 1709 1779; baseline -0.001 -13"><span class='ocrx_word' id='word_1_156' title='bbox 179 1725 270 1768; x_wconf 90' lang='lat' dir='ltr'>eius</span> <span class='ocrx_word' id='word_1_157' title='bbox 302 1726 342 1766; x_wconf 95' lang='lat' dir='ltr'>in</span> <span class='ocrx_word' id='word_1_158' title='bbox 377 1726 556 1767; x_wconf 86' lang='lat' dir='ltr'>eeclesia</span> <span class='ocrx_word' id='word_1_159' title='bbox 588 1738 891 1779; x_wconf 89' lang='lat' dir='ltr'>usquequaque</span> <span class='ocrx_word' id='word_1_160' title='bbox 930 1724 1082 1766; x_wconf 83' lang='lat' dir='ltr'>diffusa</span> <span class='ocrx_word' id='word_1_161' title='bbox 1120 1724 1298 1779; x_wconf 89' lang='lat' dir='ltr'>permoti</span> <span class='ocrx_word' id='word_1_162' title='bbox 1340 1727 1381 1765; x_wconf 88' lang='lat' dir='ltr'>et</span> <span class='ocrx_word' id='word_1_163' title='bbox 1418 1724 1500 1777; x_wconf 88' lang='lat' dir='ltr'>ipsi</span> <span class='ocrx_word' id='word_1_164' title='bbox 1533 1724 1709 1766; x_wconf 86' lang='lat' dir='ltr'>ueniunt</span> 
     </span>
     <span class='ocr_line' id='line_1_26' title="bbox 178 1796 1707 1846; baseline -0.001 -8"><span class='ocrx_word' id='word_1_165' title='bbox 178 1796 230 1837; x_wconf 87' lang='lat' dir='ltr'>ad</span> <span class='ocrx_word' id='word_1_166' title='bbox 274 1809 474 1845; x_wconf 80' lang='lat' dir='ltr'>mensam,</span> <span class='ocrx_word' id='word_1_167' title='bbox 519 1796 774 1838; x_wconf 88' lang='lat' dir='ltr'>manducant</span> <span class='ocrx_word' id='word_1_168' title='bbox 825 1798 867 1837; x_wconf 89' lang='lat' dir='ltr'>et</span> <span class='ocrx_word' id='word_1_169' title='bbox 911 1796 1097 1846; x_wconf 84' lang='lat' dir='ltr'>adorant,</span> <span class='ocrx_word' id='word_1_170' title='bbox 1143 1808 1221 1837; x_wconf 92' lang='lat' dir='ltr'>non</span> <span class='ocrx_word' id='word_1_171' title='bbox 1266 1798 1404 1837; x_wconf 87' lang='lat' dir='ltr'>tamen</span> <span class='ocrx_word' id='word_1_172' title='bbox 1451 1797 1707 1842; x_wconf 78' lang='lat' dir='ltr'>saturantur,</span> 
     </span>
     <span class='ocr_line' id='line_1_27' title="bbox 178 1867 1707 1922; baseline 0 -13"><span class='ocrx_word' id='word_1_173' title='bbox 178 1867 274 1922; x_wconf 86' lang='lat' dir='ltr'>quia</span> <span class='ocrx_word' id='word_1_174' title='bbox 318 1880 397 1910; x_wconf 91' lang='lat' dir='ltr'>non</span> <span class='ocrx_word' id='word_1_175' title='bbox 440 1868 631 1910; x_wconf 86' lang='lat' dir='ltr'>esuriunt</span> <span class='ocrx_word' id='word_1_176' title='bbox 670 1869 711 1909; x_wconf 88' lang='lat' dir='ltr'>et</span> <span class='ocrx_word' id='word_1_177' title='bbox 749 1867 902 1910; x_wconf 88' lang='lat' dir='ltr'>sitiunt</span> <span class='ocrx_word' id='word_1_178' title='bbox 950 1867 1183 1917; x_wconf 82' lang='lat' dir='ltr'>iustitiam;</span> <span class='ocrx_word' id='word_1_179' title='bbox 1234 1867 1342 1909; x_wconf 86' lang='lat' dir='ltr'>tales</span> <span class='ocrx_word' id='word_1_180' title='bbox 1393 1867 1501 1909; x_wconf 89' lang='lat' dir='ltr'>enim</span> <span class='ocrx_word' id='word_1_181' title='bbox 1548 1869 1707 1909; x_wconf 86' lang='lat' dir='ltr'>satura-</span> 
     </span>
     <span class='ocr_line' id='line_1_28' title="bbox 176 1938 1705 1993; baseline 0 -13"><span class='ocrx_word' id='word_1_182' title='bbox 176 1938 342 1981; x_wconf 87' lang='lat' dir='ltr'>buntur.</span> <span class='ocrx_word' id='word_1_183' title='bbox 376 1953 628 1993; x_wconf 90' lang='lat' dir='ltr'>quamquam</span> <span class='ocrx_word' id='word_1_184' title='bbox 663 1940 849 1993; x_wconf 86' lang='lat' dir='ltr'>perfecta</span> <span class='ocrx_word' id='word_1_185' title='bbox 881 1939 1082 1981; x_wconf 87' lang='lat' dir='ltr'>saturitas</span> <span class='ocrx_word' id='word_1_186' title='bbox 1115 1939 1155 1980; x_wconf 92' lang='lat' dir='ltr'>in</span> <span class='ocrx_word' id='word_1_187' title='bbox 1188 1939 1261 1980; x_wconf 91' lang='lat' dir='ltr'>illa</span> <span class='ocrx_word' id='word_1_188' title='bbox 1294 1939 1383 1980; x_wconf 85' lang='lat' dir='ltr'>uita</span> <span class='ocrx_word' id='word_1_189' title='bbox 1415 1942 1581 1980; x_wconf 88' lang='lat' dir='ltr'>aeterna</span> <span class='ocrx_word' id='word_1_190' title='bbox 1614 1939 1705 1985; x_wconf 82' lang='lat' dir='ltr'>erit,</span> 
     </span>
     <span class='ocr_line' id='line_1_29' title="bbox 179 2009 1703 2065; baseline 0.001 -15"><span class='ocrx_word' id='word_1_191' title='bbox 179 2022 274 2051; x_wconf 90' lang='lat' dir='ltr'>cum</span> <span class='ocrx_word' id='word_1_192' title='bbox 307 2023 352 2051; x_wconf 83' lang='lat' dir='ltr'>ex</span> <span class='ocrx_word' id='word_1_193' title='bbox 385 2010 468 2052; x_wconf 88' lang='lat' dir='ltr'>ista</span> <span class='ocrx_word' id='word_1_194' title='bbox 499 2010 833 2065; x_wconf 84' lang='lat' dir='ltr'>peregrinatione</span> <span class='ocrx_word' id='word_1_195' title='bbox 866 2010 1106 2052; x_wconf 86' lang='lat' dir='ltr'>uenerimus</span> <span class='ocrx_word' id='word_1_196' title='bbox 1140 2023 1186 2051; x_wconf 89' lang='lat' dir='ltr'>ex</span> <span class='ocrx_word' id='word_1_197' title='bbox 1218 2009 1299 2051; x_wconf 92' lang='lat' dir='ltr'>fide</span> <span class='ocrx_word' id='word_1_198' title='bbox 1332 2010 1383 2051; x_wconf 90' lang='lat' dir='ltr'>ad</span> <span class='ocrx_word' id='word_1_199' title='bbox 1421 2010 1619 2064; x_wconf 86' lang='lat' dir='ltr'>speciem,</span> <span class='ocrx_word' id='word_1_200' title='bbox 1654 2011 1703 2051; x_wconf 86' lang='lat' dir='ltr'>ab</span> 
     </span>
     <span class='ocr_line' id='line_1_30' title="bbox 177 2081 1702 2136; baseline 0 -14"><span class='ocrx_word' id='word_1_201' title='bbox 177 2081 346 2134; x_wconf 87' lang='lat' dir='ltr'>speculo</span> <span class='ocrx_word' id='word_1_202' title='bbox 387 2081 435 2121; x_wconf 90' lang='lat' dir='ltr'>ad</span> <span class='ocrx_word' id='word_1_203' title='bbox 481 2082 644 2124; x_wconf 86' lang='lat' dir='ltr'>faciem.</span> <span class='ocrx_word' id='word_1_204' title='bbox 685 2081 734 2122; x_wconf 86' lang='lat' dir='ltr'>ab</span> <span class='ocrx_word' id='word_1_205' title='bbox 780 2081 1017 2136; x_wconf 82' lang='lat' dir='ltr'>aenigmate</span> <span class='ocrx_word' id='word_1_206' title='bbox 1062 2082 1110 2122; x_wconf 85' lang='lat' dir='ltr'>ad</span> <span class='ocrx_word' id='word_1_207' title='bbox 1158 2082 1420 2134; x_wconf 83' lang='lat' dir='ltr'>perspicuam</span> <span class='ocrx_word' id='word_1_208' title='bbox 1466 2082 1702 2123; x_wconf 81' lang='lat' dir='ltr'>ueritatem.</span> 
     </span>
    </p>
   </div>
   <div class='ocr_carea' id='block_1_6' title="bbox 176 2220 1700 2322">
    <p class='ocr_par' dir='ltr' id='par_1_6' title="bbox 176 2220 1700 2322">
     <span class='ocr_line' id='line_1_31' title="bbox 294 2220 1700 2266; baseline 0.002 -13"><span class='ocrx_word' id='word_1_209' title='bbox 294 2221 314 2253; x_wconf 69' lang='grc' dir='ltr'>ἴ)</span> <span class='ocrx_word' id='word_1_210' title='bbox 341 2220 398 2254; x_wconf 78' lang='lat' dir='ltr'>Ps.</span> <span class='ocrx_word' id='word_1_211' title='bbox 426 2222 482 2255; x_wconf 86' lang='lat' dir='ltr'>&#39;.&#39;l.</span> <span class='ocrx_word' id='word_1_212' title='bbox 510 2221 553 2254; x_wconf 71' lang='lat'>27</span> <span class='ocrx_word' id='word_1_213' title='bbox 632 2222 669 2254; x_wconf 92' lang='lat' dir='ltr'>ll</span> <span class='ocrx_word' id='word_1_214' title='bbox 701 2221 716 2254; x_wconf 88' lang='lat' dir='ltr'>I</span> <span class='ocrx_word' id='word_1_215' title='bbox 743 2221 837 2255; x_wconf 82' lang='lat' dir='ltr'>Petr.</span> <span class='ocrx_word' id='word_1_216' title='bbox 865 2222 898 2256; x_wconf 79' lang='lat'>⁴2.</span> <span class='ocrx_word' id='word_1_217' title='bbox 926 2222 964 2255; x_wconf 73' lang='lat'>‘21</span> <span class='ocrx_word' id='word_1_218' title='bbox 1065 2223 1121 2258; x_wconf 71' lang='lat'>13:</span> <span class='ocrx_word' id='word_1_219' title='bbox 1155 2223 1194 2256; x_wconf 74' lang='grc'>17</span> <span class='ocrx_word' id='word_1_220' title='bbox 1224 2222 1304 2256; x_wconf 84' lang='lat' dir='ltr'>Phil</span> <span class='ocrx_word' id='word_1_221' title='bbox 1344 2224 1376 2266; x_wconf 71' lang='lat'>²2,</span> <span class='ocrx_word' id='word_1_222' title='bbox 1403 2223 1520 2257; x_wconf 62' lang='grc' dir='ltr'>ιδ’-10</span> <span class='ocrx_word' id='word_1_223' title='bbox 1595 2223 1639 2258; x_wconf 81' lang='lat'>&#39;25</span> <span class='ocrx_word' id='word_1_224' title='bbox 1668 2222 1700 2257; x_wconf 85' lang='lat' dir='ltr'>II</span> 
     </span>
     <span class='ocr_line' id='line_1_32' title="bbox 176 2278 685 2322; baseline -0.002 -8"><span class='ocrx_word' id='word_1_225' title='bbox 176 2278 254 2314; x_wconf 80' lang='lat' dir='ltr'>Cor.</span> <span class='ocrx_word' id='word_1_226' title='bbox 283 2281 315 2322; x_wconf 71' lang='grc' dir='ltr'>ἴ),</span> <span class='ocrx_word' id='word_1_227' title='bbox 344 2280 379 2315; x_wconf 76' lang='lat'>7:</span> <span class='ocrx_word' id='word_1_228' title='bbox 409 2280 422 2313; x_wconf 85' lang='lat'>1</span> <span class='ocrx_word' id='word_1_229' title='bbox 451 2281 529 2314; x_wconf 60' lang='lat' dir='ltr'>(jor.</span> <span class='ocrx_word' id='word_1_230' title='bbox 561 2281 612 2316; x_wconf 79' lang='lat'>13.</span> <span class='ocrx_word' id='word_1_231' title='bbox 644 2281 685 2314; x_wconf 75' lang='lat'>12</span> 
     </span>
    </p>
   </div>
   <div class='ocr_carea' id='block_1_7' title="bbox 175 2362 1698 2468">
    <p class='ocr_par' dir='ltr' id='par_1_7' title="bbox 175 2362 1698 2468">
     <span class='ocr_line' id='line_1_33' title="bbox 226 2362 1698 2407; baseline 0.002 -12"><span class='ocrx_word' id='word_1_232' title='bbox 226 2362 239 2395; x_wconf 94' lang='lat'>1</span> <span class='ocrx_word' id='word_1_233' title='bbox 270 2362 401 2396; x_wconf 85' lang='lat' dir='ltr'>mundo</span> <span class='ocrx_word' id='word_1_234' title='bbox 429 2362 533 2396; x_wconf 75' lang='lat' dir='ltr'>cordo</span> <span class='ocrx_word' id='word_1_235' title='bbox 560 2362 596 2397; x_wconf 80' lang='lat' dir='ltr'><strong><em>R</em></strong></span> <span class='ocrx_word' id='word_1_236' title='bbox 622 2362 870 2398; x_wconf 82' lang='lat' dir='ltr'>mundicordes</span> <span class='ocrx_word' id='word_1_237' title='bbox 896 2363 975 2398; x_wconf 78' lang='lat' dir='ltr'>edd.</span> <span class='ocrx_word' id='word_1_238' title='bbox 1081 2364 1101 2397; x_wconf 87' lang='lat'><strong>3</strong></span> <span class='ocrx_word' id='word_1_239' title='bbox 1128 2364 1318 2407; x_wconf 80' lang='lat' dir='ltr'>sigillatim</span> <span class='ocrx_word' id='word_1_240' title='bbox 1352 2364 1380 2397; x_wconf 81' lang='lat'>&#39;1&#39;</span> <span class='ocrx_word' id='word_1_241' title='bbox 1480 2366 1502 2398; x_wconf 84' lang='lat'>4</span> <span class='ocrx_word' id='word_1_242' title='bbox 1529 2364 1595 2399; x_wconf 80' lang='lat' dir='ltr'>hoc</span> <span class='ocrx_word' id='word_1_243' title='bbox 1621 2365 1698 2398; x_wconf 85' lang='lat' dir='ltr'>loco</span> 
     </span>
     <span class='ocr_line' id='line_1_34' title="bbox 175 2421 1697 2468; baseline 0.003 -14"><span class='ocrx_word' id='word_1_244' title='bbox 175 2431 240 2454; x_wconf 82' lang='lat' dir='ltr'>om.</span> <span class='ocrx_word' id='word_1_245' title='bbox 272 2421 301 2455; x_wconf 82' lang='grc' dir='ltr'>(ι’</span> <span class='ocrx_word' id='word_1_246' title='bbox 379 2424 399 2454; x_wconf 74' lang='lat'>5,</span> <span class='ocrx_word' id='word_1_247' title='bbox 427 2421 599 2456; x_wconf 76' lang='lat' dir='ltr'>distincta</span> <span class='ocrx_word' id='word_1_248' title='bbox 628 2422 660 2456; x_wconf 87' lang='lat' dir='ltr'><em>G</em></span> <span class='ocrx_word' id='word_1_249' title='bbox 760 2426 799 2456; x_wconf 91' lang='lat' dir='ltr'>ut</span> <span class='ocrx_word' id='word_1_250' title='bbox 825 2422 883 2466; x_wconf 79' lang='lat' dir='ltr'>de]</span> <span class='ocrx_word' id='word_1_251' title='bbox 910 2422 1002 2456; x_wconf 49' lang='lat' dir='ltr'>unda¹</span> <span class='ocrx_word' id='word_1_252' title='bbox 1035 2424 1065 2454; x_wconf 74' lang='lat' dir='ltr'>(l</span> <span class='ocrx_word' id='word_1_253' title='bbox 1154 2424 1194 2456; x_wconf 82' lang='lat' dir='ltr'>lo</span> <span class='ocrx_word' id='word_1_254' title='bbox 1222 2423 1331 2468; x_wconf 72' lang='lat' dir='ltr'>enim!</span> <span class='ocrx_word' id='word_1_255' title='bbox 1360 2431 1477 2458; x_wconf 84' lang='lat' dir='ltr'>autem</span> <span class='ocrx_word' id='word_1_256' title='bbox 1513 2424 1541 2456; x_wconf 86' lang='lat' dir='ltr'>&#39;l&#39;</span> <span class='ocrx_word' id='word_1_257' title='bbox 1637 2423 1697 2458; x_wconf 81' lang='lat' dir='ltr'>de-</span> 
     </span>
    </p>
   </div>
   <div class='ocr_carea' id='block_1_8' title="bbox 174 2479 1698 2819">
    <p class='ocr_par' dir='ltr' id='par_1_8' title="bbox 175 2479 1698 2527">
     <span class='ocr_line' id='line_1_35' title="bbox 175 2479 1698 2527; baseline 0.001 -13"><span class='ocrx_word' id='word_1_258' title='bbox 175 2479 326 2522; x_wconf 83' lang='lat' dir='ltr'>dignant</span> <span class='ocrx_word' id='word_1_259' title='bbox 351 2480 386 2515; x_wconf 83' lang='lat' dir='ltr'><em>R</em></span> <span class='ocrx_word' id='word_1_260' title='bbox 413 2492 480 2514; x_wconf 88' lang='lat' dir='ltr'>non</span> <span class='ocrx_word' id='word_1_261' title='bbox 509 2480 702 2526; x_wconf 75' lang='lat' dir='ltr'>dignantur</span> <span class='ocrx_word' id='word_1_262' title='bbox 728 2483 760 2514; x_wconf 76' lang='grc' dir='ltr'>(ι’</span> <span class='ocrx_word' id='word_1_263' title='bbox 788 2493 856 2515; x_wconf 89' lang='lat' dir='ltr'>non</span> <span class='ocrx_word' id='word_1_264' title='bbox 884 2480 1125 2526; x_wconf 83' lang='lat' dir='ltr'>dedignantur</span> <span class='ocrx_word' id='word_1_265' title='bbox 1152 2482 1181 2514; x_wconf 81' lang='lat' dir='ltr'>&#39;l&#39;</span> <span class='ocrx_word' id='word_1_266' title='bbox 1255 2483 1296 2515; x_wconf 88' lang='lat'>11</span> <span class='ocrx_word' id='word_1_267' title='bbox 1328 2494 1388 2527; x_wconf 87' lang='lat' dir='ltr'>pro</span> <span class='ocrx_word' id='word_1_268' title='bbox 1415 2482 1516 2516; x_wconf 74' lang='lat' dir='ltr'>nobis</span> <span class='ocrx_word' id='word_1_269' title='bbox 1544 2483 1698 2516; x_wconf 69' lang='lat' dir='ltr'>christus</span> 
     </span>
    </p>

    <p class='ocr_par' dir='ltr' id='par_1_9' title="bbox 181 2539 1695 2585">
     <span class='ocr_line' id='line_1_36' title="bbox 181 2539 1695 2585; baseline 0.001 -12"><span class='ocrx_word' id='word_1_270' title='bbox 181 2539 211 2572; x_wconf 88' lang='lat' dir='ltr'><em>T</em></span> <span class='ocrx_word' id='word_1_271' title='bbox 272 2540 313 2574; x_wconf 88' lang='grc'>16</span> <span class='ocrx_word' id='word_1_272' title='bbox 340 2541 478 2581; x_wconf 79' lang='lat' dir='ltr'>timore,</span> <span class='ocrx_word' id='word_1_273' title='bbox 506 2552 547 2576; x_wconf 86' lang='lat' dir='ltr'>m.</span> <span class='ocrx_word' id='word_1_274' title='bbox 577 2544 594 2574; x_wconf 91' lang='lat'><em>1</em></span> <span class='ocrx_word' id='word_1_275' title='bbox 620 2552 711 2575; x_wconf 81' lang='lat' dir='ltr'>corr.</span> <span class='ocrx_word' id='word_1_276' title='bbox 738 2544 876 2575; x_wconf 70' lang='lat' dir='ltr'>tumore</span> <span class='ocrx_word' id='word_1_277' title='bbox 912 2540 940 2573; x_wconf 74' lang='lat' dir='ltr'><em>T</em></span> <span class='ocrx_word' id='word_1_278' title='bbox 964 2541 1090 2575; x_wconf 87' lang='lat' dir='ltr'>timore</span> <span class='ocrx_word' id='word_1_279' title='bbox 1120 2542 1152 2575; x_wconf 86' lang='lat' dir='ltr'><strong><em>G</em></strong></span> <span class='ocrx_word' id='word_1_280' title='bbox 1180 2542 1259 2579; x_wconf 81' lang='lat' dir='ltr'>edd.</span> <span class='ocrx_word' id='word_1_281' title='bbox 1282 2547 1431 2585; x_wconf 76' lang='lat' dir='ltr'>praeter</span> <span class='ocrx_word' id='word_1_282' title='bbox 1456 2554 1487 2576; x_wconf 87' lang='lat' dir='ltr'>m</span> <span class='ocrx_word' id='word_1_283' title='bbox 1555 2542 1594 2575; x_wconf 70' lang='lat'>17</span> <span class='ocrx_word' id='word_1_284' title='bbox 1618 2553 1695 2575; x_wconf 71' lang='lat' dir='ltr'>eum</span> 
     </span>
    </p>

    <p class='ocr_par' dir='ltr' id='par_1_10' title="bbox 175 2599 1696 2644">
     <span class='ocr_line' id='line_1_37' title="bbox 175 2599 1696 2644; baseline 0.001 -11"><span class='ocrx_word' id='word_1_285' title='bbox 175 2599 261 2633; x_wconf 82' lang='lat' dir='ltr'>deus</span> <span class='ocrx_word' id='word_1_286' title='bbox 287 2601 458 2638; x_wconf 82' lang='lat' dir='ltr'>excitauit</span> <span class='ocrx_word' id='word_1_287' title='bbox 487 2600 558 2634; x_wconf 84' lang='lat' dir='ltr'>GT</span> <span class='ocrx_word' id='word_1_288' title='bbox 582 2599 668 2634; x_wconf 86' lang='lat' dir='ltr'>deus</span> <span class='ocrx_word' id='word_1_289' title='bbox 696 2601 863 2635; x_wconf 82' lang='lat' dir='ltr'>excitauit</span> <span class='ocrx_word' id='word_1_290' title='bbox 892 2612 969 2634; x_wconf 79' lang='lat' dir='ltr'>eum</span> <span class='ocrx_word' id='word_1_291' title='bbox 997 2600 1076 2637; x_wconf 81' lang='lat' dir='ltr'>edd.</span> <span class='ocrx_word' id='word_1_292' title='bbox 1151 2601 1203 2635; x_wconf 80' lang='lat' dir='ltr'>illi</span> <span class='ocrx_word' id='word_1_293' title='bbox 1230 2600 1271 2634; x_wconf 94' lang='lat' dir='ltr'><em>N</em></span> <span class='ocrx_word' id='word_1_294' title='bbox 1292 2614 1359 2638; x_wconf 61' lang='lat' dir='ltr'>see,</span> <span class='ocrx_word' id='word_1_295' title='bbox 1395 2601 1497 2644; x_wconf 63' lang='grc' dir='ltr'><strong><em>Γαίῃ.</em></strong></span> <span class='ocrx_word' id='word_1_296' title='bbox 1553 2602 1593 2634; x_wconf 80' lang='grc'>19</span> <span class='ocrx_word' id='word_1_297' title='bbox 1615 2600 1696 2635; x_wconf 82' lang='lat' dir='ltr'>Iesu</span> 
     </span>
    </p>

    <p class='ocr_par' dir='ltr' id='par_1_11' title="bbox 174 2659 1695 2704">
     <span class='ocr_line' id='line_1_38' title="bbox 174 2659 1695 2704; baseline 0.002 -13"><span class='ocrx_word' id='word_1_298' title='bbox 174 2668 254 2701; x_wconf 64' lang='lat' dir='ltr'>om„</span> <span class='ocrx_word' id='word_1_299' title='bbox 285 2671 327 2693; x_wconf 85' lang='lat' dir='ltr'>m.</span> <span class='ocrx_word' id='word_1_300' title='bbox 364 2662 381 2692; x_wconf 93' lang='lat'><em>1</em></span> <span class='ocrx_word' id='word_1_301' title='bbox 411 2670 438 2693; x_wconf 84' lang='lat' dir='ltr'>s.</span> <span class='ocrx_word' id='word_1_302' title='bbox 472 2671 506 2693; x_wconf 82' lang='lat' dir='ltr'>u.</span> <span class='ocrx_word' id='word_1_303' title='bbox 540 2659 628 2696; x_wconf 75' lang='lat' dir='ltr'>add.</span> <span class='ocrx_word' id='word_1_304' title='bbox 660 2661 689 2691; x_wconf 77' lang='lat'>0</span> <span class='ocrx_word' id='word_1_305' title='bbox 833 2671 935 2693; x_wconf 77' lang='lat' dir='ltr'>onine</span> <span class='ocrx_word' id='word_1_306' title='bbox 963 2671 1055 2704; x_wconf 85' lang='lat' dir='ltr'>genu</span> <span class='ocrx_word' id='word_1_307' title='bbox 1082 2660 1246 2694; x_wconf 79' lang='lat' dir='ltr'>flectatur</span> <span class='ocrx_word' id='word_1_308' title='bbox 1274 2659 1386 2693; x_wconf 83' lang='lat' dir='ltr'>(r&#39;NT</span> <span class='ocrx_word' id='word_1_309' title='bbox 1414 2672 1479 2695; x_wconf 62' lang='lat' dir='ltr'>sec.</span> <span class='ocrx_word' id='word_1_310' title='bbox 1506 2670 1599 2693; x_wconf 68' lang='lat' dir='ltr'>sacr.</span> <span class='ocrx_word' id='word_1_311' title='bbox 1628 2660 1695 2694; x_wconf 68' lang='lat' dir='ltr'>litt.</span> 
     </span>
    </p>

    <p class='ocr_par' dir='ltr' id='par_1_12' title="bbox 174 2717 1695 2819">
     <span class='ocr_line' id='line_1_39' title="bbox 174 2717 1695 2764; baseline 0.003 -14"><span class='ocrx_word' id='word_1_312' title='bbox 174 2717 217 2750; x_wconf 66' lang='lat'>23</span> <span class='ocrx_word' id='word_1_313' title='bbox 244 2719 327 2762; x_wconf 88' lang='lat' dir='ltr'>quia</span> <span class='ocrx_word' id='word_1_314' title='bbox 354 2730 396 2753; x_wconf 74' lang='lat' dir='ltr'>ex</span> <span class='ocrx_word' id='word_1_315' title='bbox 421 2720 629 2763; x_wconf 77' lang='lat' dir='ltr'>corr.,·suit</span> <span class='ocrx_word' id='word_1_316' title='bbox 655 2720 700 2764; x_wconf 80' lang='lat' dir='ltr'>qd</span> <span class='ocrx_word' id='word_1_317' title='bbox 727 2720 767 2754; x_wconf 77' lang='lat' dir='ltr'><em>N</em></span> <span class='ocrx_word' id='word_1_318' title='bbox 886 2721 928 2754; x_wconf 77' lang='lat'>24</span> <span class='ocrx_word' id='word_1_319' title='bbox 952 2724 1036 2763; x_wconf 73' lang='lat' dir='ltr'>post</span> <span class='ocrx_word' id='word_1_320' title='bbox 1063 2731 1276 2764; x_wconf 83' lang='lat' dir='ltr'>quamquam</span> <span class='ocrx_word' id='word_1_321' title='bbox 1305 2732 1347 2753; x_wconf 82' lang='lat' dir='ltr'>m.</span> <span class='ocrx_word' id='word_1_322' title='bbox 1376 2723 1400 2752; x_wconf 70' lang='lat' dir='ltr'>r’3</span> <span class='ocrx_word' id='word_1_323' title='bbox 1426 2719 1511 2753; x_wconf 83' lang='lat' dir='ltr'>add.</span> <span class='ocrx_word' id='word_1_324' title='bbox 1540 2720 1632 2753; x_wconf 89' lang='lat' dir='ltr'>enim</span> <span class='ocrx_word' id='word_1_325' title='bbox 1662 2719 1695 2754; x_wconf 87' lang='lat' dir='ltr'><strong><em>G</em></strong></span> 
     </span>
     <span class='ocr_line' id='line_1_40' title="bbox 222 2778 1433 2819; baseline 0.002 -9"><span class='ocrx_word' id='word_1_326' title='bbox 222 2778 349 2812; x_wconf 57' lang='lat' dir='ltr'>wlf&#39;xrit</span> <span class='ocrx_word' id='word_1_327' title='bbox 374 2790 460 2813; x_wconf 67' lang='lat' dir='ltr'>«ras.</span> <span class='ocrx_word' id='word_1_328' title='bbox 491 2782 582 2812; x_wconf 67' lang='grc'>1-2</span> <span class='ocrx_word' id='word_1_329' title='bbox 609 2779 645 2819; x_wconf 83' lang='lat' dir='ltr'>l.)</span> <span class='ocrx_word' id='word_1_330' title='bbox 676 2780 703 2813; x_wconf 77' lang='lat' dir='ltr'><strong><em>L</em></strong></span> <span class='ocrx_word' id='word_1_331' title='bbox 779 2780 824 2812; x_wconf 72' lang='lat'>27»</span> <span class='ocrx_word' id='word_1_332' title='bbox 852 2779 1019 2814; x_wconf 64' lang='lat' dir='ltr'>uvnerim.</span> <span class='ocrx_word' id='word_1_333' title='bbox 1047 2791 1089 2812; x_wconf 83' lang='lat' dir='ltr'>m.</span> <span class='ocrx_word' id='word_1_334' title='bbox 1119 2781 1144 2812; x_wconf 82' lang='lat'><em>2</em></span> <span class='ocrx_word' id='word_1_335' title='bbox 1171 2780 1370 2812; x_wconf 59' lang='lat' dir='ltr'>amorinum</span> <span class='ocrx_word' id='word_1_336' title='bbox 1400 2778 1433 2813; x_wconf 80' lang='lat' dir='ltr'><em>R</em></span> 
     </span>
    </p>
   </div>
  </div>
 </body>
</html>
