1952 3118
38 998 71 1025 10

38 1353 70 1380 15

573 251 579 257 ,
614 217 964 262 epistularum
1006 217 1106 252 CLX.
1538 222 1627 262 505

100 349 284 402 generat,
318 349 391 388 aut
423 346 526 388 ratio
560 345 683 388 deum
718 349 790 387 aut
823 346 925 388 deus
958 346 1176 388 rationem.
1210 347 1450 390 subiectum
1482 350 1624 389 autem

100 420 173 460 aut
198 418 238 459 in
269 417 460 460 subiecto
494 418 599 461 forte
633 417 797 459 dicatur
828 417 935 459 ratio
964 420 1006 458 et
1032 418 1149 460 deus.
1184 417 1286 460 deus
1315 420 1358 460 et
1382 418 1486 460 ratio
1514 432 1623 460 unus

98 489 138 530 in
172 501 269 530 uno.
305 489 410 531 bene
443 491 583 530 autem
623 488 726 530 deus
760 491 932 544 generat
969 489 1186 540 rationem,
1225 489 1322 543 quia
1360 490 1465 531 ratio
1499 489 1624 532 deum

98 573 189 602 esse
222 560 493 602 demonstrat.
524 560 785 614 intellegitur
817 562 957 601 autem
992 560 1094 601 deus
1129 572 1151 600 a
1184 560 1342 602 ratione
1377 564 1424 601 ut
1454 560 1566 602 filius
1601 575 1624 603 a

96 634 212 685 patre
246 634 287 673 et
317 632 423 674 ratio
458 645 480 673 a
513 631 588 673 deo
623 634 672 672 ut
702 633 820 684 pater
853 643 876 671 a
908 630 1008 672 filio.
1049 643 1144 672 nam
1178 633 1220 672 et
1251 631 1342 685 ipsa
1381 631 1486 673 ratio
1526 644 1621 673 oum

97 702 172 744 deo
218 702 321 744 deus
366 706 444 745 est.
489 716 622 756 neque
661 702 768 744 enim
810 702 913 744 deus
954 702 1177 755 aliquando
1217 702 1307 743 sine
1344 703 1504 744 ratione
1543 704 1628 744 fuit

97 776 169 815 aut
200 774 305 816 ratio
339 774 426 815 sine
461 774 551 816 deo.
591 777 691 815 tunc
727 774 836 815 enim
870 776 934 815 est
966 773 1084 822 deus,
1125 773 1161 815 si
1194 775 1258 814 est
1290 774 1410 824 ratio,
1451 774 1627 816 et'tunc

97 844 220 895 filius,
261 845 297 886 si
336 848 400 886 est
436 848 567 898 pater,
607 848 667 894 ut,
708 844 742 886 si
781 844 886 885 ratio
925 844 1151 893 auferatur,
1197 844 1308 886 sicut
1345 844 1505 886 dictum
1544 848 1626 895 est,

97 916 206 968 quod
233 915 315 956 dici
342 917 405 957 fas
432 929 512 958 non
541 921 618 966 est,
646 929 695 957 ne
722 916 812 969 ipse
839 915 1010 969 quidem
1038 915 1140 957 deus
1174 918 1256 964 est;
1290 928 1365 969 per
1395 915 1486 957 eius
1514 916 1625 957 enim

95 987 296 1028 rationem
344 990 408 1029 est
452 991 572 1029 actus
613 991 653 1029 et
693 988 894 1040 operatio,
940 990 988 1029 ut
1026 987 1082 1028 sit
1126 987 1243 1030 deus,
1287 999 1432 1029 rursus
1478 986 1625 1029 eadem

97 1058 298 1101 dicamus.
335 1059 370 1100 si
402 1059 507 1101 ratio
541 1072 620 1101 non
654 1059 748 1102 fuit.
784 1058 885 1100 deus
919 1072 998 1101 non
1031 1058 1113 1100 fuit
1145 1060 1197 1110 et,
1231 1058 1266 1101 si
1294 1058 1397 1100 deus
1431 1070 1511 1099 non
1544 1062 1623 1102 est.

95 1129 199 1171 ratio
245 1142 323 1171 non
369 1130 462 1171 fuit.
506 1129 611 1171 ratio
658 1142 755 1184 ergo
795 1133 836 1171 et
875 1129 977 1171 deus
1017 1130 1271 1184 sempiterna
1307 1142 1392 1178 res;
1439 1128 1543 1171 deus
1583 1131 1625 1171 et

95 1201 198 1241 ratio
233 1201 361 1242 simili
394 1201 517 1243 modo
551 1214 616 1243 res
650 1202 917 1255 sempiterna.
952 1201 1121 1244 conexio
1156 1203 1297 1243 autem
1330 1203 1457 1255 atque
1489 1200 1627 1242 unitio

95 1270 268 1313 rationis
308 1271 360 1313 ad
399 1271 521 1313 deum
562 1274 603 1313 et
642 1272 708 1313 dei
747 1272 798 1313 ad
838 1273 1054 1322 rationem,
1093 1272 1225 1326 patris
1265 1272 1315 1313 ad
1353 1272 1502 1323 filium,
1547 1271 1624 1312 filii

96 1341 146 1383 ad
184 1344 344 1396 patrem
389 1343 592 1397 principia
637 1344 718 1385 sibi
763 1343 942 1396 quodam
989 1343 1112 1385 modo
1153 1346 1194 1385 et
1232 1355 1380 1384 causas
1419 1342 1624 1384 existendi

96 1416 322 1467 praestant,
356 1415 454 1467 quia
486 1415 663 1457 alterum
698 1415 786 1456 sine
825 1416 956 1457 altero
992 1428 1084 1457 esse
1122 1428 1201 1456 non
1240 1416 1393 1468 potest.
1432 1413 1626 1455 deficitur

95 1483 136 1525 in
174 1484 315 1526 uerbis
356 1486 409 1534 et,
450 1485 747 1538 quodcumque
786 1485 952 1535 dicitur,
991 1498 1041 1527 ne
1075 1485 1260 1527 sileatur.
1298 1487 1442 1526 utrum
1481 1486 1622 1526 autem

96 1567 265 1609 germen
297 1555 471 1597 rationis
506 1555 630 1597 deum
664 1555 852 1597 dicamus
886 1569 934 1597 an
969 1555 1035 1598 dei
1067 1569 1236 1611 germen
1269 1555 1487 1607 rationem,
1525 1555 1623 1608 quia

95 1639 170 1668 nec
213 1627 375 1669 fructus
422 1627 509 1668 sine
553 1627 692 1668 radice
739 1640 829 1668 esse
873 1630 1014 1681 potest
1058 1639 1134 1669 neo
1177 1626 1292 1668 radix
1344 1626 1433 1668 sine
1482 1626 1625 1667 fructu

96 1697 254 1751 aliquid
287 1701 378 1740 est?
411 1698 646 1741 similitudo
676 1699 731 1741 sit
757 1699 896 1748 ducta,
930 1702 978 1740 ut
1003 1698 1201 1752 quiddam
1234 1697 1546 1752 intellegentiae
1573 1696 1626 1738 de

97 1768 171 1811 deo
212 1770 420 1824 signetur;
462 1770 571 1811 uiuit
608 1770 718 1812 enim
753 1773 795 1812 et
826 1770 865 1811 in
899 1783 1027 1825 grano
1067 1770 1199 1812 tritici
1235 1771 1341 1812 ratio
1380 1768 1625 1819 fecundans,

98 1852 178 1894 quo
212 1840 354 1882 sterile
387 1854 466 1883 non
500 1841 653 1882 sinitur
686 1854 798 1890 esse;
834 1841 907 1883 sed
939 1841 1091 1883 iterum
1120 1841 1153 1882 si
1184 1853 1359 1895 granum
1385 1839 1518 1881 tritici
1543 1851 1625 1880 non

98 1913 225 1961 esset,
259 1924 305 1953 ex
338 1924 417 1965 qua
451 1925 493 1953 re
524 1911 607 1954 ista
640 1912 902 1966 produceret,
935 1912 1040 1953 ratio
1075 1924 1155 1952 non
1188 1911 1374 1953 haberet.

159 1983 263 2025 Cum
296 1983 426 2038 igitur
457 1983 578 2033 ratio,
618 1996 723 2037 quae
757 1983 859 2026 deus
893 1986 970 2026 est.
1011 1986 1083 2024 aut
1116 1983 1313 2024 ostendat
1344 1982 1469 2023 deum
1501 1981 1625 2023 ratio-

99 2065 191 2095 nem
231 2056 303 2095 aut
340 2054 544 2096 rationem
584 2067 676 2096 esse
715 2054 840 2096 deum
880 2067 1007 2095 unum
1048 2053 1228 2107 quodam
1274 2052 1398 2095 modo
1445 2052 1624 2093 alterum

147 2169 168 2202 2
207 2172 270 2204 aut
307 2170 357 2214 in]
396 2173 432 2204 et
464 2170 499 2204 in
532 2169 581 2204 P2
727 2169 900 2212 subiecto,
940 2181 1028 2205 corr.
1069 2169 1269 2204 subiectum
1307 2168 1358 2203 P³
1394 2167 1558 2202 subiecti]
1593 2168 1629 2201 P

147 2234 238 2263 unu*
264 2229 398 2274 (fici-sse
423 2229 499 2263 uid.
528 2232 557 2272 s)
592 2228 622 2261 V
720 2230 739 2262 3
765 2232 915 2273 generat
942 2229 1132 2272 rationem]
1159 2227 1430 2272 generationem
1458 2227 1492 2260 P
1515 2229 1573 2270 (m.
1602 2229 1629 2260 2

101 2292 249 2331 generat
274 2288 463 2330 rationem)
484 2288 534 2322 P3
583 2289 678 2332 4pr.
701 2288 731 2333 a]
761 2299 802 2322 ea
828 2288 863 2322 P
887 2305 904 2320 ⁴÷
938 2288 966 2321 V
1017 2289 1035 2322 T
1063 2288 1155 2321 ratio
1182 2287 1272 2332 sine]
1301 2287 1377 2321 sinc
1407 2292 1464 2323 (m.
1493 2290 1517 2320 2
1543 2286 1627 2328 del.)

102 2348 192 2381 ratio
219 2348 295 2382 sine
321 2347 369 2382 P¹
545 2353 597 2382 est
625 2348 711 2382 deus
739 2359 819 2391 om,
845 2359 871 2382 s.
900 2359 934 2381 u.
963 2351 1017 2381 est
1043 2359 1087 2381 m.
1115 2350 1133 2381 1
1160 2347 1245 2381 add.
1272 2346 1322 2380 P2
1349 2346 1435 2380 deus
1463 2348 1517 2379 est
1544 2345 1624 2379 edd.

102 2407 123 2441 8
148 2406 256 2452 filius]
286 2407 378 2442 filius
406 2411 460 2442 est
486 2419 518 2442 m
595 2413 644 2445 ut.
673 2420 714 2442 m.
743 2411 767 2441 ἱ.)
793 2412 829 2441 ct
856 2408 883 2439 S
908 2410 959 2445 ut.
988 2419 1030 2442 m.
1061 2411 1078 2440 1
1107 2418 1197 2441 corr.
1225 2406 1300 2440 uid.
1330 2410 1366 2440 at
1393 2406 1423 2439 V
1474 2405 1515 2438 10
1542 2416 1625 2449 ope-

101 2468 191 2509 rato,
218 2478 260 2500 m.
290 2469 314 2500 2
339 2467 498 2511 operatio
526 2467 560 2500 P
679 2467 739 2511 sit]
766 2467 796 2500 si
822 2465 872 2500 122
971 2467 1012 2499 12
1039 2466 1110 2510 res]
1139 2476 1194 2499 res
1221 2468 1258 2499 et
1282 2464 1361 2499 edd.
1461 2463 1547 2497 deus
1576 2464 1625 2507 et]

103 2526 139 2559 et
164 2524 250 2559 deus
276 2526 312 2559 P
361 2527 402 2561 13
429 2538 484 2560 res
511 2538 576 2563 om.
604 2527 654 2560 1’2
714 2528 754 2560 14
782 2526 843 2562 fili.
871 2537 913 2560 m.
941 2528 958 2559 1
985 2536 1075 2559 corr.
1103 2525 1166 2559 filii
1194 2523 1244 2558 P³
1268 2525 1352 2564 filia,
1380 2535 1423 2557 m.
1447 2526 1472 2556 :l
1492 2522 1553 2556 filii
1577 2521 1625 2555 Ρ1

105 2583 147 2617 17
174 2583 315 2622 dicitur.
343 2585 387 2619 ad
414 2585 479 2619 hoc
506 2585 649 2621 dicitur,
676 2597 718 2619 ue
746 2585 894 2619 sileatur
915 2596 945 2618 m
1044 2596 1087 2618 ne
1109 2584 1258 2618 sileatur
1278 2595 1344 2616 οηι.
1367 2582 1417 2616 12²
1485 2582 1527 2615 19
1548 2581 1625 2614 sine

104 2641 219 2676 fructu
246 2643 343 2677 radix
364 2644 444 2677 edd.
494 2645 539 2678 20
560 2643 774 2688 similitudo]
804 2644 910 2677 simili
938 2643 1043 2678 modo
1065 2642 1185 2677 P¹SV
1258 2643 1305 2676 sit
1332 2642 1438 2675 ducta
1465 2646 1515 2680 ut,
1537 2652 1580 2673 m.
1602 2642 1629 2674 2

106 2700 177 2735 sint
202 2701 300 2736 dicta
326 2706 366 2737 ut
392 2702 422 2737 S
445 2703 491 2736 sit
519 2703 627 2737 ductu
667 2709 728 2737 aut
749 2703 799 2737 1³2
897 2702 1053 2748 quidam,
1080 2714 1124 2736 m.
1154 2705 1178 2735 2
1204 2701 1372 2745 quiddam
1401 2700 1428 2731 S
1518 2701 1558 2733 21
1590 2705 1625 2732 et

105 2771 170 2795 om.
197 2761 246 2795 Ρ2
301 2762 345 2795 22
373 2774 454 2806 quo.
480 2774 524 2796 m.
554 2766 591 2796 ul
620 2763 693 2797 uid.
722 2766 739 2796 1
764 2773 855 2797 corr.
884 2761 978 2806 quod
1006 2761 1054 2807 P?
1080 2760 1175 2806 quod
1202 2761 1237 2795 P
1262 2770 1331 2804 qua
1357 2772 1389 2793 m
1463 2770 1624 2803 granum.

107 2830 149 2854 m.
171 2821 196 2853 2
215 2831 325 2865 grano
348 2821 382 2854 P
430 2821 474 2854 23
496 2838 512 2852 a·
534 2832 571 2855 ex
600 2821 632 2855 V
680 2823 724 2855 ‘24
753 2825 806 2855 est
833 2832 899 2855 om.
922 2820 950 2855 S
997 2821 1042 2855 25
1069 2820 1220 2854 alterum
1250 2820 1275 2860 <1
1302 2820 1341 2852 in
1369 2830 1440 2852 ras.
1467 2829 1511 2851 m.
1534 2820 1571 2854 2)
1595 2818 1630 2851 Ι)
