1924 3122
119 1000 149 1024 10

122 1355 154 1381 15

123 1710 157 1734 20

127 2063 159 2088 25

693 217 1049 262 epistularum
1085 217 1188 253 CXL.
1622 221 1703 260 157

175 347 253 388 hac
283 347 373 388 uita
405 346 586 400 incipere
618 346 885 388 necessitatis
919 349 996 396 est,
1030 347 1070 388 in
1105 360 1152 388 ea
1191 347 1414 401 persistere
1456 347 1704 390 uoluntatis.

174 417 215 458 in
253 417 330 458 hac
370 418 524 471 quippe
563 430 609 458 ex
647 420 765 458 utero
804 417 950 458 matris
989 417 1126 459 infans
1165 418 1368 468 funditur,
1409 418 1535 460 110103
1581 419 1706 460 offen—

176 488 328 537 siones,
357 491 561 541 qnantum
592 490 748 541 potest,
776 488 945 543 refugit,
974 488 1101 529 1111103
1129 489 1290 541 appetit
1317 490 1574 542 uoluptates,
1602 489 1707 531 nihil

176 559 357 613 amplius
393 560 518 601 ualet.
559 559 632 601 sed
664 562 938 613 posteaquam
972 559 1136 601 uenerit
1167 560 1207 600 in
1243 564 1438 610 aetatem,
1471 574 1553 614 qua
1583 561 1623 602 in
1659 574 1707 602 eo

175 630 347 672 rationis
374 644 478 672 usus
506 631 694 685 euigilet,
721 632 877 684 poterit
903 631 1045 672 adiuta
1073 630 1278 672 diuinitus
1306 631 1526 673 uoluntate
1553 632 1707 687 eligere

176 702 347 742 alteram
394 702 541 751 uitam,
581 702 701 743 cuius
745 703 785 743 in
830 704 969 743 mente
1015 701 1217 757 gaudium
1263 706 1340 745 est.
1381 703 1502 744 cuius
1547 703 1708 744 interna

177 775 301 826 atque
335 775 501 814 aeterna
531 773 726 814 felicitas.
760 773 871 814 inest
910 773 1063 826 quippe
1103 772 1262 814 homini
1302 773 1440 814 anima
1477 774 1707 825 rationalis,

177 844 251 885 sed
287 844 474 894 interest,
509 844 696 886 eiusdem
729 845 903 886 rationis
935 857 1060 886 usum
1095 856 1276 898 quonam
1314 845 1456 898 potius
1490 845 1709 886 uoluntate

177 918 407 966 conuertat‚
447 918 587 957 utrum
628 915 676 957 ad
715 915 825 957 bona
863 915 1076 957 exterioris
1111 918 1153 956 et
1190 915 1399 957 inferioris
1437 929 1486 957 an
1521 916 1572 957 ad
1603 917 1712 958 bona

176 987 386 1028 interioris
437 987 750 1040 superiorisque
802 989 987 1037 naturae⁷
1038 986 1080 1028 id
1131 989 1210 1038 est,
1255 989 1397 1028 utrum
1450 990 1499 1029 ut
1549 988 1713 1029 fruatur

178 1071 348 1111 corpore
382 1060 423 1099 et
454 1060 654 1111 tempore.
682 1071 732 1099 an
765 1060 813 1099 ut
844 1058 1008 1098 fruatur
1040 1057 1261 1098 diuinitate
1294 1060 1418 1111 atque
1451 1058 1710 1100 aeternitate.

177 1130 219 1170 in
252 1129 431 1182 quadam
465 1129 619 1183 quippe
652 1129 878 1170 medietate
911 1129 1050 1181 posita
1083 1131 1148 1170 est
1179 1129 1287 1169 infra
1314 1141 1357 1169 se
1385 1128 1542 1170 habens
1570 1141 1710 1182 corpo-

178 1201 307 1241 ralem
341 1202 574 1242 creaturam
610 1213 736 1254 supra
769 1213 812 1241 se
840 1203 979 1241 autem
1015 1199 1081 1242 sui
1115 1202 1156 1241 et
1188 1200 1373 1254 corporis
1409 1203 1650 1241 creatorem.

237 1271 385 1313 Potest
415 1271 547 1326 igitur
578 1272 715 1312 anima
747 1271 964 1313 rationalis
999 1271 1126 1312 etiam
1165 1271 1386 1324 temporali
1427 1273 1468 1312 et
1506 1271 1711 1324 corporali

178 1342 381 1384 felicitate
407 1343 512 1384 bene
538 1342 615 1391 uti,
638 1343 672 1384 si
699 1356 780 1384 non
809 1355 853 1384 se
881 1342 1042 1384 dederit
1064 1344 1277 1383 creaturae
1300 1343 1484 1384 creatore
1505 1342 1712 1396 neglecto,

180 1413 254 1456 sed
298 1426 387 1455 eam
433 1414 576 1467 potius
626 1414 872 1455 felicitatem
918 1414 1067 1454 fecerit
1117 1414 1273 1455 seruire
1320 1413 1509 1463 creatori,
1555 1413 1625 1467 qui
1672 1415 1713 1453 et

179 1486 314 1539 ipsam
355 1498 455 1527 suae
491 1485 693 1527 bonitatis
733 1484 1098 1526 abundantissima
1135 1485 1330 1539 largitate
1372 1484 1555 1526 donauit.
1603 1484 1716 1525 sicut

182 1558 291 1598 enim
329 1557 437 1598 bona
477 1558 576 1598 sunt
613 1557 765 1605 omnia,
800 1569 904 1609 quae
945 1556 1104 1597 creauit
1143 1556 1261 1605 deus,
1303 1555 1351 1596 ab
1391 1555 1484 1608 ipsa
1521 1554 1714 1596 rationali

184 1631 372 1669 creatura
397 1640 531 1681 usque
565 1628 615 1668 ad
647 1628 838 1668 infimum
873 1639 1037 1680 corpus.
1066 1627 1124 1668 ita
1156 1627 1260 1668 bene
1292 1626 1333 1667 in
1368 1626 1432 1667 his
1461 1626 1549 1681 agit
1576 1625 1714 1667 anima

183 1699 410 1747 rationalis,
434 1699 470 1740 si
497 1699 682 1739 ordinem
712 1702 853 1739 seruet
873 1701 914 1739 et
935 1697 1247 1752 distinguendo,
1270 1697 1476 1752 eligendo,
1498 1696 1715 1750 pendendo

184 1770 339 1811 subdat
394 1770 554 1811 minora
610 1769 851 1819 maioribus,
905 1769 1135 1823 corporalia
1192 1768 1469 1821 spiritalibus,
1520 1767 1718 1809 inferiora

184 1841 485 1896 superioribus,
524 1841 773 1894 temporalia
811 1840 1091 1894 sempiternis,
1130 1852 1179 1880 ne
1219 1840 1480 1892 superiorum
1520 1839 1716 1893 neglectu

185 1915 226 1953 et
263 1913 453 1966 appetitu
491 1912 750 1962 inferiorum,
791 1911 986 1965 quoniam
1025 1911 1121 1951 hinc
1162 1911 1208 1951 fit
1246 1910 1337 1964 ipsa
1371 1910 1563 1959 deterior,
1599 1912 1640 1950 et
1673 1922 1715 1950 se

186 1986 226 2024 et
258 1996 409 2037 corpus
441 1996 566 2024 suum
600 1983 742 2024 mittat
772 1982 813 2024 in
852 1983 986 2036 peius,
1022 1982 1095 2023 sed
1133 1982 1278 2035 potius
1317 1980 1505 2022 ordinata
1545 1980 1717 2021 caritate

187 2067 230 2095 se
264 2058 305 2095 et
337 2067 488 2107 corpus
523 2067 645 2095 suum
681 2055 898 2095 conuertat
929 2054 968 2094 in
1002 2053 1168 2095 melius.
1202 2065 1295 2093 cum
1325 2052 1435 2094 enim
1463 2052 1546 2093 sint
1573 2064 1718 2092 omnes

187 2125 448 2167 substantiae
481 2125 725 2167 naturaliter
756 2125 901 2175 bonae,
936 2124 1035 2165 ordo
1068 2124 1108 2165 in
1143 2124 1203 2165 eis
1237 2123 1433 2165 laudatus
1476 2123 1716 2171 honoratur,

186 2197 441 2250 peruersitas
474 2197 642 2250 culpata
674 2196 908 2237 damnatur.
942 2209 1016 2236 nec
1051 2195 1178 2237 efficit
1212 2195 1348 2235 anima
1375 2207 1570 2247 peruerse
1597 2196 1718 2235 utens

238 2347 254 2380 1
284 2347 452 2381 uoluntas
479 2351 497 2381 e
523 2347 559 2381 in
590 2347 623 2381 G
744 2348 765 2381 2
792 2347 859 2381 11ᾱο
890 2346 921 2380 Τ
1053 2346 1271 2390 offensione
1307 2345 1336 2377 ()
1458 2346 1479 2378 3
1507 2347 1658 2389 appetat
1689 2344 1719 2377 0

190 2407 209 2439 ε’)
237 2406 429 2451 1111111ςί101,
459 2406 488 2440 0
586 2407 604 2440 7
632 2406 789 2440 felicitas
817 2411 834 2439 ἐ
863 2407 957 2440 inest
990 2405 1021 2439 T
1135 2405 1268 2439 homini
1297 2404 1486 2438 rar-ionalis
1514 2405 1568 2437 uis
1595 2402 1659 2436 scd
1691 2402 1724 2435 T

190 2468 210 2498 8
238 2476 302 2499 030
330 2477 483 2510 quonam
512 2466 630 2510 potius
657 2465 881 2499 uoluntat.·1n
909 2465 988 2498 cdd.
1113 2465 1156 2498 lo
1183 2464 1423 2508 superiorisue
1455 2464 1487 2495 (ι’
1601 2466 1718 2495 utrum

192 2526 245 2570 ut]
274 2527 392 2559 utrum
425 2524 457 2558 T
520 2526 560 2559 16
589 2536 664 2558 earn
691 2536 778 2568 ras,
797 2524 879 2568 suit
905 2524 1012 2558 etiam
1042 2522 1075 2557 L
1134 2524 1175 2557 17
1204 2523 1346 2567 largite.
1375 2534 1416 2556 m.
1447 2525 1471 2555 ,2
1497 2521 1666 2565 largitate
1687 2519 1720 2552 L

194 2585 236 2618 18
263 2584 393 2627 creaui,
419 2596 462 2620 m.
491 2587 516 2619 2
543 2584 677 2618 creauit
703 2584 736 2617 L
837 2584 879 2616 19
907 2583 983 2626 agit
1010 2583 1127 2616 anima
1154 2582 1343 2616 rationalis
1371 2583 1405 2615 in
1433 2581 1489 2614 his
1519 2580 1550 2613 G
1579 2579 1656 2623 agit
1683 2579 1716 2612 in

192 2643 246 2677 his
274 2643 391 2677 anima
416 2643 602 2677 rationalis
627 2642 659 2676 T
681 2642 759 2676 edd.
828 2642 872 2676 20
899 2641 1086 2675 rationalis
1113 2641 1194 2685 (alis
1219 2641 1260 2675 in
1287 2652 1358 2674 ras.
1387 2651 1429 2674 m.
1457 2642 1497 2672 ut
1526 2639 1598 2672 uid.
1628 2639 1667 2681 2)
1690 2637 1720 2670 L

194 2702 235 2735 ‘21
264 2703 399 2735 maiora
425 2702 621 2736 minoribus
651 2701 684 2736 G
758 2702 803 2735 22
829 2701 1011 2745 neglectu,
1039 2712 1081 2734 m.
1110 2703 1135 2734 :2
1161 2700 1326 2743 neglecto
1354 2699 1387 2733 L
1467 2699 1508 2732 2}
1539 2698 1573 2730 in
1602 2697 1716 2741 peius!

194 2761 346 2805 impe-ius
379 2762 408 2792 ()
515 2762 560 2795 25
586 2761 659 2795 sint
685 2772 807 2795 ornnes
834 2761 900 2799 bis,
928 2760 1083 2794 alterum
1111 2759 1177 2793 del.
1212 2759 1241 2792 T
1338 2759 1379 2792 27
1410 2757 1614 2800 damnatur}
1643 2757 1720 2790 lau-

197 2819 302 2853 datur
330 2819 362 2852 G
