1924 3122
623 165 975 211 epistularum
1014 163 1241 200 CXXXVIII.
1620 168 1702 208 129

168 295 344 348 aperuit,
379 295 490 348 quod
528 308 608 337 non
646 295 952 346 intellexerant,
993 295 1194 337 uidelicet
1231 295 1295 336 illi
1335 295 1418 336 iam
1459 294 1585 336 aetati
1619 307 1699 336 non

168 367 246 409 hoc
284 379 327 408 se
373 366 504 408 fuisse
548 367 780 408 iussurum.
824 369 990 408 tantum
1035 366 1167 421 igitur
1210 366 1326 407 ualet
1370 366 1530 408 ratione
1575 368 1700 419 atque

168 437 328 479 artibus
368 451 447 479 non
487 438 675 487 mutatis,
714 437 815 491 quid
854 437 1087 479 secundum
1127 450 1196 479 eas
1243 437 1299 479 sit
1343 449 1416 492 pro
1462 439 1700 490 temporum

168 509 372 551 uarietate
406 510 667 551 mutandum.

50 576 76 617 4
121 593 136 618 ⁵
225 581 318 623 Non
357 582 499 635 itaque
538 594 684 622 uerum
725 582 802 631 est,
849 580 961 634 quod
1005 579 1169 630 dieitur,
1207 579 1339 621 semel
1382 582 1495 621 reete
1541 579 1700 621 factum

167 652 408 693 nullatenus
436 664 528 693 esse
556 650 814 692 mutandum.
846 652 1010 692 mutata
1030 651 1183 704 quippe
1204 650 1406 703 temporis
1428 663 1567 702 eausa,
1590 650 1701 704 quod

166 727 278 764 recte
323 724 415 764 ante
461 722 621 763 factum
664 722 814 771 fuerat,
860 721 918 762 ita
962 721 1117 762 mutari
1161 734 1261 762 uera
1303 721 1408 762 ratio
1454 722 1700 775 plerumque

167 793 345 847 flagitat,
371 795 431 842 ut,
460 806 553 834 cum
587 792 671 846 ipsi
704 792 847 834 dicant
877 797 990 833 recte
1024 805 1103 834 non
1136 792 1238 843 fieri,
1268 792 1303 833 si
1329 794 1529 841 mutetur,
1558 795 1700 833 contra

167 864 323 906 ueritas
364 865 518 906 elamet
554 866 666 905 recte
704 876 784 905 non
825 863 926 914 fieri,
966 863 1046 905 nisi
1090 865 1291 913 mutetur,
1333 863 1430 917 quia
1474 866 1700 916 utrumque

110 950 142 974 ιο
168 938 267 976 tunc
302 935 380 976 erit
411 938 587 985 rectum,
623 935 658 976 si
692 934 771 976 erit
802 947 874 988 pro
908 936 1145 988 temporum
1184 934 1431 975 diuersitate
1470 934 1699 977 diuersum.

169 1006 279 1059 quod
318 1006 427 1047 enim
466 1006 507 1047 in
547 1006 791 1047 diuersitate
836 1018 1108 1058 personarum
1152 1018 1234 1047 uno
1280 1007 1467 1059 tempore
1514 1005 1699 1047 accidere

167 1080 323 1131 potest,
356 1080 405 1118 ut
435 1078 547 1119 ‘huic
578 1078 718 1119 liceat'
751 1077 911 1130 aliquid
946 1077 1129 1131 ‘impune
1162 1076 1311 1128 facere,
1344 1076 1407 1117 illi
1441 1090 1520 1118 non
1558 1077 1698 1127 liceat,

168 1162 247 1190 non
288 1149 400 1202 quod
438 1149 657 1190 dissimilis
702 1161 767 1190 res
813 1148 881 1198 sit,
922 1148 994 1190 sed
1036 1147 1146 1201 quod
1184 1148 1234 1196 is,
1274 1148 1346 1202 qui
1383 1148 1513 1198 facit’,
1551 1148 1610 1189 ita
1649 1148 1698 1189 ab

168 1233 249 1261 una
283 1220 511 1273 eademque
544 1233 721 1274 persona
759 1219 941 1261 diuersis
981 1219 1243 1273 temporibus
1282 1221 1383 1260 tuno
1423 1221 1589 1272 oportet
1628 1218 1698 1260 ali-

110 1305 143 1330 15
169 1290 268 1345 quid
300 1291 401 1341 fieri,
435 1294 534 1332 tunc
566 1304 647 1332 non
681 1293 859 1345 oportet,
893 1304 973 1333 non
1013 1291 1126 1344 quod
1165 1290 1230 1332 sui
1270 1290 1490 1332 dissimilis
1525 1290 1593 1340 sit,
1627 1290 1698 1343 qui

167 1362 281 1404 facit.
309 1362 383 1404 sed
411 1362 575 1415 quando
607 1362 721 1404 facit.

53 1432 78 1474 5
227 1435 342 1475 Haec
381 1434 570 1487 quaestio
611 1447 734 1487 quam
780 1434 863 1475 late
909 1435 1063 1488 pateat,
1103 1434 1290 1487 profecto
1334 1433 1465 1484 uidet,
1504 1433 1697 1487 quisquis

167 1505 331 1558 pulchri
363 1505 531 1558 aptique
565 1505 807 1546 distantiam
841 1518 1029 1558 sparsam
1062 1504 1242 1558 quodam
1277 1504 1399 1546 modo
1427 1504 1467 1545 in
1494 1505 1698 1546 uniuersi-

166 1577 253 1617 tate
285 1589 423 1617 rerum
459 1576 572 1616 ualet
610 1589 743 1629 neque
783 1576 972 1630 neglegit
1009 1575 1174 1617 intueri.
1212 1575 1436 1630 pulchrum
1477 1575 1586 1616 enim
1624 1589 1698 1630 per

109 1661 142 1687 20
169 1659 212 1688 se
249 1647 389 1700 ipsum
429 1646 718 1688 consideratur
756 1649 880 1700 atque
918 1646 1126 1697 laudatur,
1161 1647 1229 1688 eui
1266 1649 1387 1700 turpe
1426 1659 1472 1688 ac
1511 1646 1696 1689 deforme

168 1718 419 1760 contrarium
454 1722 529 1759 est.
565 1721 709 1770 aptum
738 1731 849 1767 uero,
879 1719 946 1759 eui
975 1732 1020 1759 ex
1047 1718 1224 1759 aduerso
1252 1720 1317 1759 est
1343 1718 1545 1771 ineptum,
1575 1719 1694 1772 quasi

167 1790 390 1844 religatum
428 1790 581 1843 pendet
623 1790 789 1831 aliunde
828 1803 902 1831 nec
937 1803 984 1831 ex
1023 1793 1156 1832 semet
1192 1790 1284 1844 ipso
1324 1790 1398 1831 sed
1437 1803 1484 1831 ex
1527 1803 1587 1839 e0‚
1628 1790 1695 1831 cui

288 1918 329 1950 12
356 1916 434 1950 Ter.
461 1916 527 1951 Ad.
555 1917 745 1951 824—825

215 1999 231 2032 1
260 1999 517 2043 intellegerant
542 1999 587 2033 H
691 1999 804 2034 aetati
831 2000 900 2033 iam
927 2000 1006 2034 edd.
1128 2000 1150 2034 2
1178 1999 1289 2034 fuisse
1315 2011 1382 2035 om.
1409 1999 1445 2034 P
1539 1999 1693 2044 tantum]

167 2058 196 2091 si
223 2060 360 2092 tantum
388 2059 415 2092 I
543 2059 683 2093 ratione
711 2060 834 2104 atquc]
863 2060 1015 2099 ratione,
1042 2070 1132 2094 corr.
1160 2061 1218 2093 (m.
1245 2062 1264 2093 1
1290 2059 1323 2102 ?)
1349 2060 1488 2093 ratione
1516 2061 1623 2103 atque
1650 2058 1695 2092 M

166 2117 256 2151 ratio
284 2120 323 2152 ut
349 2118 375 2151 I
469 2119 489 2151 3
516 2121 593 2152 arte
620 2118 659 2152 E
682 2118 765 2152 artii
794 2122 860 2153 aut
886 2122 966 2153 artu
994 2118 1029 2153 R
1139 2130 1181 2153 ea
1207 2119 1274 2153 DI
1297 2119 1347 2153 eis
1377 2118 1407 2152 C
1503 2119 1523 2152 5
1549 2120 1648 2152 recta
1672 2118 1698 2152 I

212 2176 308 2210 facta
333 2177 405 2211 ER
492 2178 512 2211 6
539 2177 749 2211 mutandam
776 2178 811 2211 A
898 2179 917 2213 7
946 2181 1053 2212 antea
1080 2178 1212 2213 ERIC
1300 2178 1320 2212 8
1347 2178 1423 2223 ipse
1450 2178 1476 2211 I
1570 2180 1694 2212 contra

166 2236 311 2278 ueritas,
338 2247 382 2269 m.
410 2238 435 2270 2
461 2237 696 2270 contrarietas
727 2236 757 2269 (J
782 2239 905 2271 contra
931 2237 1121 2271 ueritatem
1149 2237 1175 2271 I
1269 2238 1289 2271 9
1317 2237 1449 2271 clamat
1474 2238 1508 2270 A
1624 2237 1692 2270 nisi

167 2294 384 2328 llfllmutetur
410 2299 498 2335 (ras.
527 2298 625 2329 2—3
652 2296 689 2338 Ι.)
715 2296 750 2329 P
846 2307 917 2341 qua
942 2296 968 2330 I
1078 2296 1120 2330 10
1146 2308 1209 2341 pro
1237 2307 1303 2331 om.
1332 2296 1358 2330 Ι
1453 2296 1629 2330 uarietate
1656 2295 1694 2329 D

167 2351 264 2395 edd.;
288 2353 333 2395 cf.
360 2365 396 2387 u.
427 2356 448 2387 4
549 2355 588 2388 11
619 2354 787 2389 accedere
815 2354 889 2389 HC
914 2354 1086 2390 adcedere
1112 2355 1151 2390 D
1273 2356 1315 2389 12
1342 2357 1426 2400 pote
1452 2358 1508 2389 est
1533 2355 1560 2388 I
1654 2360 1690 2387 ut

166 2421 232 2446 om.
258 2411 296 2446 D
391 2412 450 2447 hic
476 2413 502 2446 Ι
595 2413 741 2458 impune
768 2413 905 2458 aliquid
935 2414 965 2448 C
1059 2425 1130 2448 non
1157 2414 1265 2449 liceat
1291 2414 1344 2448 illi
1370 2414 1449 2448 edd.
1528 2414 1570 2448 13
1598 2411 1692 2457 quod

160 2474 246 2513 post
271 2471 332 2505 sed
359 2483 425 2506 om.
454 2472 534 2505 MA
680 2472 734 2506 his
762 2472 801 2506 E
829 2472 864 2513 (h
889 2484 1008 2516 paene
1033 2477 1140 2515 eras.)
1167 2473 1203 2508 R
1236 2473 1270 2518 (h
1299 2473 1382 2515 del.)
1412 2473 1508 2507 JAP
1536 2472 1573 2515 (h
1600 2475 1692 2515 exp.)

170 2530 210 2563 14
236 2529 408 2575 edemque
435 2531 461 2564 I
579 2530 731 2576 aliquid]
761 2531 847 2576 quid
872 2531 912 2565 E
1032 2533 1073 2565 15
1101 2532 1290 2578 quod-om.
1316 2533 1350 2566 A
1378 2532 1478 2566 uelut
1504 2530 1540 2565 R
1638 2530 1691 2563 sui

168 2590 197 2630 (s
222 2599 248 2622 8.
275 2591 326 2632 u.)
354 2590 390 2623 I)
531 2591 570 2624 17
601 2591 701 2624 uidet
725 2590 813 2626 haec
841 2592 1002 2636 quisquis
1029 2592 1067 2626 D
1209 2592 1251 2627 18
1279 2592 1436 2637 pulchre.
1462 2602 1575 2635 supra
1602 2602 1645 2624 m.
1675 2593 1691 2623 1

165 2647 302 2690 pulchri
329 2649 368 2682 E
438 2649 635 2694 disparsam
662 2650 701 2684 D
727 2650 924 2696 dispersam
952 2651 977 2685 I
1037 2644 1143 2696 ‘quod
1170 2651 1214 2685 ad
1239 2651 1384 2685 modum
1412 2650 1450 2684 D
1516 2650 1561 2685 ⁴20
1581 2653 1690 2693 atque

166 2705 238 2740 ER
291 2708 333 2741 21
364 2708 537 2753 ineptum,
563 2709 603 2743 in
628 2721 741 2755 marg).
769 2710 920 2744 stultum
950 2710 975 2743 I
1033 2711 1077 2744 22
1104 2711 1303 2755 relegatum
1330 2710 1403 2744 ER
1428 2709 1630 2754 regulatum
1652 2708 1690 2742 D

213 2776 277 2799 nee
303 2767 358 2810 ex}
388 2778 452 2801 nec
479 2770 513 2801 et
540 2768 579 2801 D
676 2769 738 2803 sed
766 2780 817 2811 ex,
845 2779 935 2803 corr.
963 2771 1020 2810 (m.
1050 2772 1068 2803 1
1089 2770 1121 2811 1²)
1148 2769 1210 2803 sed
1238 2773 1274 2803 et
1301 2780 1340 2803 ex
1366 2768 1412 2803 M

4 2636 9 2835 ⁴..-v..„**--
5 2575 9 2628 -—-
4 2454 9 2568 *—-‘
1 1839 10 2440 -—---·------—--—-—.-—--———-

203 2847 363 2873 xxxxiiii
385 2849 461 2880 Aug.
483 2853 555 2875 nect.
577 2850 605 2875 11
626 2857 694 2882 pars
714 2849 740 2876 3.
1620 2836 1640 2868 9
