1952 3118
36 930 158 971 XXII
193 929 240 970 51

274 157 358 198 326
745 157 778 190 S.
818 156 998 190 Aureli
1043 158 1328 202 Augustini

275 286 446 326 uiuam?
481 288 690 339 postremo
724 286 857 327 uidit
897 287 1014 328 deus
1056 289 1226 339 omnia,
1265 301 1386 341 quae
1426 289 1561 330 fecit.
1606 292 1653 331 et
1686 303 1797 331 ecce

276 357 398 397 bona
425 357 584 398 ualde.
614 357 725 410 quod
753 371 847 398 cum
875 372 948 411 per
974 372 1160 411 quasque
1183 362 1393 401 creaturas
1415 360 1571 401 totiens
1594 361 1799 414 scriptura

274 428 507 480 repetisset5
548 428 687 478 miror,
734 429 841 470 unde
881 432 976 470 nata
1013 430 1141 471 fuerit
1177 430 1250 471 illa
1289 430 1440 483 opinio⁷
1487 444 1567 483 qua
1604 434 1799 485 putatum

276 498 340 538 est
382 500 547 538 tantum
588 498 638 539 ad
684 511 855 552 corpora
898 500 1105 551 pertinere
1149 500 1371 541 uisionem.
1418 514 1522 554 quae
1567 502 1705 555 opinio
1751 503 1799 544 de

275 580 539 621 quocumque
573 569 770 622 loquendi
803 583 915 611 more
950 573 1039 612 orta
1071 571 1139 621 sit,
1183 571 1414 624 scripturae
1452 575 1592 613 tamen
1632 576 1799 615 sanctae

273 651 353 680 non
399 640 459 680 sic
497 640 614 693 loqui
654 641 802 692 solent,
849 653 952 693 quae
993 641 1074 683 nisi
1113 654 1193 682 non
1237 644 1403 683 tantum
1449 643 1611 695 corpori
1655 656 1801 684 uerum

274 710 399 751 etiam
416 711 583 764 spiritui
598 712 818 765 magisque
834 712 1001 765 spiritui
1018 725 1140 765 quam
1156 713 1317 765 corpori
1332 713 1540 754 uisionem
1559 714 1801 763 tribuerent,

273 794 352 823 non
374 783 598 835 prophetas
620 783 783 836 proprie
811 783 1035 824 ‘uidentes'
1060 784 1404 837 appellauissent‚
1434 785 1504 837 qui
1530 798 1609 826 non
1634 798 1803 838 corpore

274 853 348 893 sed
381 853 530 906 spiritu
563 854 689 895 etiam
722 854 863 895 futura
897 854 1103 895 uiderunt.

334 924 416 965 Sed
450 925 720 979 cogitandum
755 928 831 975 est,
866 938 915 966 ne
950 925 1051 979 quid
1082 926 1311 967 insolenter
1342 926 1588 969 audeamus.
1624 926 1659 966 si
1693 926 1800 967 dixe-
1846 949 1860 962 «

274 995 405 1036 rimus
452 1008 601 1049 corpus
653 1009 733 1037 non
786 996 923 1038 solum
974 996 1276 1037 mortalitatem
1323 999 1364 1038 et
1408 997 1803 1049 corruptibilitatem

276 1079 422 1108 uerum
458 1067 583 1108 etiarn
616 1067 694 1108 hoc
726 1067 882 1120 ipsum,
916 1067 1027 1120 quod
1061 1080 1211 1120 corpus
1245 1070 1323 1117 est,
1356 1080 1429 1120 per
1463 1068 1639 1121 gloriam
1671 1080 1804 1108 resur-

274 1138 472 1179 rectionis
526 1139 717 1179 amittere
765 1141 805 1179 et
850 1139 1046 1192 spiritum
1097 1138 1200 1180 fieri.
1254 1151 1300 1180 eo
1352 1139 1476 1180 modo
1529 1138 1682 1192 quippe
1734 1140 1806 1179 aut

277 1209 641 1262 conduplicabitur
673 1210 912 1251 substantia
945 1210 1133 1262 spiritus7
1178 1209 1214 1251 si
1247 1212 1288 1250 et
1321 1222 1472 1263 corpus
1507 1209 1680 1262 spiritus
1715 1209 1804 1250 erit.

276 1282 361 1329 aut²
403 1281 437 1322 si
470 1294 579 1322 unus
613 1281 691 1322 erit
730 1281 903 1335 spiritus
937 1281 1135 1331 hominis,
1175 1281 1234 1322 ita
1266 1284 1314 1322 ut
1347 1283 1604 1323 commutato
1639 1284 1681 1321 et
1713 1293 1805 1321 con-

275 1364 398 1393 uerso
425 1352 465 1393 in
494 1352 689 1405 spiritum
717 1365 886 1406 corpore
919 1365 1052 1406 neque
1082 1352 1362 1406 geminatione
1389 1365 1523 1405 neque
1550 1352 1806 1393 incremento

277 1423 597 1476 conduplicetur
628 1437 703 1465 nec
737 1424 902 1464 omnino
936 1424 1067 1465 ullius
1101 1436 1274 1465 accessu
1309 1423 1554 1476 quantitatis
1588 1425 1803 1477 augeatur,

276 1494 550 1536 metuendum
590 1497 667 1545 est,
713 1508 762 1536 ne
802 1495 907 1536 nihil
946 1495 1061 1536 aliud
1102 1494 1184 1535 dici
1227 1495 1422 1536 uideatur
1466 1507 1588 1547 quam
1635 1505 1806 1546 corpora

275 1579 355 1607 non
383 1566 456 1607 illa
482 1567 714 1608 mutatione
740 1566 980 1608 inmortalia
1011 1579 1222 1617 mansura,
1258 1566 1331 1607 sed
1357 1566 1473 1607 nulla
1498 1565 1639 1619 potius
1666 1566 1807 1606 futura

278 1640 319 1678 et
351 1638 517 1679 omnino
551 1638 745 1691 peritura.
780 1640 1033 1691 quapropter
1066 1637 1196 1679 donec
1230 1637 1423 1691 diligenti
1454 1636 1741 1689 inquisitione,
1772 1636 1806 1677 si
1832 1659 1865 1678 κ.

278 1708 470 1750 dominus
510 1709 733 1759 adiuuerit,
778 1709 1022 1762 reperiatur,
1070 1709 1169 1761 quid
1208 1708 1439 1750 secundum
1484 1708 1710 1761 scripturas
1756 1707 1805 1747 de

400 1884 416 1917 1
447 1882 522 1917 Gen
565 1883 594 1917 1.
623 1883 664 1917 31
742 1883 762 1916 8
790 1882 807 1915 Ι
833 1882 920 1926 Reg.
949 1882 980 1925 9,
1009 1882 1028 1915 9

329 1991 345 2022 1
374 1989 475 2023 uidet
506 1988 534 2023 O
656 1988 676 2021 2
705 2000 803 2033 quas,
830 2000 874 2022 m.
902 1991 920 2022 1
947 1999 1037 2023 corr.
1067 1999 1225 2032 quasque
1252 1988 1291 2021 F
1385 1987 1562 2032 scriptura
1589 1987 1698 2021 toties
1726 1987 1807 2022 edd.

279 2049 299 2082 3
326 2048 524 2092 repperisse
552 2049 691 2082 minerii
719 2048 851 2083 denata
878 2048 986 2082 fuerit
1011 2048 1055 2081 H
1184 2052 1348 2092 putatum
1377 2048 1445 2091 est}
1476 2050 1605 2091 putant
1631 2046 1686 2091 (nt
1712 2058 1756 2081 m.
1785 2050 1809 2080 2

278 2118 322 2142 ex
342 2119 373 2141 111
394 2112 435 2141 ut
455 2107 551 2151 uid.;
570 2119 685 2152 supra
701 2119 828 2151 parua
855 2111 943 2149 ras.)
970 2108 1006 2141 P
1053 2108 1075 2141 4
1098 2110 1152 2141 est
1172 2110 1312 2141 tantum
1335 2107 1388 2141 bis
1407 2106 1489 2140 HF
1507 2107 1676 2148 (alterum
1702 2110 1807 2146 era-5¹.)

281 2167 301 2200 5
328 2177 476 2211 cumque
498 2166 578 2200 HF
601 2169 658 2211 (m.
680 2171 699 2201 1
718 2178 809 2202 corr.
830 2170 1067 2212 quocumque)
1143 2167 1302 2210 sanctae]
1325 2168 1470 2200 sanctae
1491 2166 1577 2200 licet
1596 2166 1697 2209 (licet
1716 2177 1761 2199 m.
1784 2170 1808 2199 2

280 2225 364 2268 del.)
390 2226 424 2259 P
487 2227 506 2260 6
534 2227 584 2260 sic
614 2227 660 2269 (ic
686 2238 728 2261 ωε
753 2238 827 2260 ras.
855 2230 887 2261 et
913 2229 1017 2270 corr.)
1039 2226 1074 2259 P
1140 2227 1157 2259 7
1187 2226 1295 2260 etiam
1324 2225 1483 2270 spiritui]
1513 2225 1621 2259 etiam
1649 2229 1708 2269 sps
1742 2224 1807 2257 To

329 2285 504 2319 uisionern
531 2286 627 2328 (del.)
648 2286 824 2320 uisionem
850 2286 1026 2320 tribueret
1052 2288 1111 2326 (m.
1134 2288 1152 2318 1
1180 2296 1270 2319 corr.
1297 2284 1514 2326 tribuerent)
1542 2283 1586 2317 H
1607 2284 1809 2318 tribuerent

282 2345 456 2379 uisionem
478 2344 554 2380 edd.
623 2346 643 2379 8
671 2346 755 2389 non]
786 2348 820 2379 et
846 2347 904 2388 (m.
933 2347 957 2379 2
984 2344 1066 2386 del.)
1095 2355 1165 2378 non
1192 2344 1227 2377 P
1297 2343 1494 2388 prophetae
1527 2342 1556 2376 O
1625 2343 1667 2377 10
1696 2344 1764 2387 est]
1788 2347 1808 2377 11

281 2406 339 2446 (m.
362 2406 387 2437 2
414 2404 495 2447 del.)
518 2406 572 2438 est
593 2404 628 2438 P
700 2403 885 2438 audiamus
911 2403 1057 2437 TOHP
1106 2404 1144 2438 11
1169 2403 1389 2437 mortalitem
1409 2402 1455 2436 M
1528 2402 1750 2436 mortalitate
1773 2406 1809 2436 et

283 2463 587 2506 corruptibilitate
619 2462 684 2497 TO
736 2464 778 2497 12
806 2464 913 2497 etiam
943 2474 1008 2498 om.
1030 2463 1077 2497 M
1125 2462 1168 2497 13
1196 2462 1382 2495 amitteret
1407 2460 1472 2495 TO
1498 2465 1554 2503 (m.
1576 2463 1602 2494 2
1628 2460 1808 2495 amittere)

284 2522 316 2554 L
346 2526 474 2565 (postr.
503 2523 524 2557 Z.
552 2522 659 2567 eras.)
782 2523 858 2557 efsso
887 2526 1030 2566 <parua
1055 2524 1144 2564 ras.)
1171 2521 1209 2555 F
1329 2521 1370 2554 14
1398 2520 1602 2554 substantia
1629 2531 1707 2553 cum
1735 2531 1807 2553 ras.

282 2592 392 2624 super
412 2586 529 2625 postr.
558 2583 578 2617 Z.
608 2582 643 2616 P
703 2583 745 2615 15
774 2582 1007 2616 commutatio
1036 2585 1072 2615 et
1099 2581 1283 2615 conuersio
1313 2580 1408 2622 (i...
1428 2579 1460 2613 .i
1486 2580 1595 2622 eras.)
1626 2578 1658 2611 T
1730 2590 1809 2612 con-

286 2651 387 2674 uerso
413 2652 488 2674 ras.
516 2644 548 2674 et
573 2652 664 2675 corr.
691 2652 735 2674 m.
764 2643 789 2675 2
815 2651 857 2674 ex
884 2651 1092 2674 conuersum
1125 2639 1153 2673 (J
1277 2639 1318 2672 16
1347 2643 1412 2682 spu
1444 2637 1514 2671 TF
1633 2638 1674 2672 17
1704 2638 1809 2671 ullius

286 2711 428 2734 accersu
461 2700 490 2734 Ο
515 2700 612 2734 illius
639 2711 800 2734 accessus
831 2700 862 2733 P
967 2700 1011 2733 ‘20
1039 2698 1281 2743 adquisitione
1313 2697 1414 2732 TOL
1511 2698 1552 2731 21
1583 2696 1811 2731 adiuuauerit

291 2757 406 2792 TOM
499 2759 701 2804 repperitur
726 2759 759 2792 A
787 2759 967 2804 aperiatur
993 2760 1028 2794 P
