1952 3118
286 197 371 237 280
766 194 800 227 S.
837 193 1020 227 Aureli
1059 193 1342 238 Augustini

183 321 195 360 I
227 322 251 361 6
346 326 486 365 Iamne
503 335 598 377 ergo
614 324 809 365 uenimus
826 323 877 365 ad
893 326 1091 365 causam?
1113 336 1163 364 an
1186 323 1322 365 adhuc
1343 324 1819 366 lectur-usinstruendus

288 397 380 437 est-⁶?
413 394 601 436 nonnulli
636 394 745 435 enim
778 396 928 448 putant
959 394 1114 447 ipsum,
1149 394 1258 448 quod
1293 394 1471 436 dicimus
1510 394 1687 445 credere,
1722 408 1817 436 cum

287 479 351 507 res
385 479 483 507 uera
518 465 715 516 creditur,
742 466 822 507 hoc
857 465 994 507 solum
1028 478 1119 507 esse
1152 468 1291 507 mente
1326 466 1528 507 contueri.
1562 465 1673 519 quod
1700 467 1735 508 si
1760 466 1820 507 ita

288 539 365 587 est,
404 536 566 578 fallitur
595 536 679 577 ista
717 538 859 578 nostra
896 536 1169 590 praelocutio,
1204 537 1243 577 in
1280 550 1361 590 qua
1400 536 1666 578 distinximus
1707 537 1820 578 aliud

289 620 380 648 esse
414 607 570 660 aliquid
604 607 756 648 sentire
783 620 856 661 per
883 620 1032 661 corpus
1067 608 1178 649 sicut
1203 608 1244 648 in
1274 607 1387 649 caelo
1417 609 1546 649 solem
1577 610 1618 649 et
1643 608 1684 648 in
1713 609 1821 649 terra
1871 621 1888 643 ὁ

289 681 486 728 montem,
522 678 710 719 arborem
745 691 952 732 corpusne
987 678 1205 732 quodlibet
1239 681 1279 719 et
1319 678 1433 719 aliud
1471 679 1623 720 mentis
1663 679 1821 720 intuitu

289 763 374 790 rein
408 750 539 791 nihilo
573 750 711 791 minus
745 750 997 799 euidentem,
1027 750 1138 791 sicut
1169 752 1313 791 nostra
1337 751 1535 791 uoluntas
1565 763 1586 791 a
1613 750 1823 792 nobismet

288 822 393 875 ipsis
425 822 540 863 intus
575 821 792 874 aspicitur,
821 835 917 863 cum
951 821 1111 874 aliquid
1144 822 1358 872 uolumus,
1386 821 1454 862 uel
1482 821 1697 876 cogitatio,
1726 834 1821 863 cum

289 892 541 947 cogitamus,
574 893 643 934 uel
674 893 889 943 memoria,
924 905 1018 934 cum
1052 892 1332 942 recordamur,
1366 893 1434 934 uel
1466 893 1550 934 tale
1591 892 1749 946 aliquid
1781 893 1822 933 in

290 964 427 1005 animo
474 964 562 1004 sine
609 976 794 1017 corpore,
834 963 948 1004 aliud
993 964 1132 1004 autem
1180 963 1360 1013 credere,
1402 963 1512 1016 quod
1552 963 1592 1004 in
1638 963 1821 1017 corporis
1851 974 1885 999 10

289 1034 497 1076 mentisue
531 1037 759 1088 conspectu
786 1047 860 1076 nec
888 1034 1008 1076 adest
1034 1047 1108 1076 nec
1142 1034 1328 1075 adfuisse
1360 1035 1560 1076 recolitur
1592 1036 1703 1076 sicut
1736 1035 1823 1076 sine

289 1105 534 1159 parentibus
581 1108 767 1147 creatum
811 1105 947 1147 Adam
993 1107 1034 1147 et
1077 1108 1222 1147 natum
1269 1119 1315 1147 ex
1358 1106 1522 1160 uirgine
1566 1119 1823 1159 passumque

289 1177 566 1219 resurrexisse
595 1176 826 1219 Christum.
860 1177 963 1218 haec
991 1176 1099 1218 enim
1135 1177 1258 1218 etiarn
1295 1177 1565 1230 corporaliter
1589 1177 1701 1218 sacta
1727 1179 1826 1218 sunt

291 1253 331 1289 et
368 1249 504 1290 uideri
543 1262 616 1302 per
660 1261 826 1302 corpus,
866 1249 901 1290 si
946 1250 1046 1291 tunc
1091 1249 1350 1299 adessemus,
1391 1248 1537 1302 utique
1582 1251 1824 1303 potuerunt,

291 1333 400 1361 nunc
446 1322 586 1361 autem
632 1333 711 1362 non
757 1320 924 1369 adsunt,
971 1320 1082 1362 sicut
1126 1320 1246 1362 adest
1289 1320 1372 1361 ista
1415 1321 1499 1371 lux,
1540 1333 1644 1373 quae
1689 1320 1823 1362 oculis
1851 1330 1887 1355 1¹0

293 1392 488 1442 cernitur,
518 1394 590 1433 aut
622 1392 835 1442 uoluntas,
865 1405 947 1445 qua
979 1404 1087 1433 nunc
1122 1391 1281 1445 aliquid
1313 1391 1525 1442 uolumus,
1554 1404 1659 1445 quae
1685 1394 1824 1433 mente

292 1462 563 1516 conspicitur.
604 1462 678 1504 sed
717 1462 816 1515 quia
853 1463 956 1504 haec
997 1462 1211 1504 distinctio
1251 1463 1358 1503 falsa
1395 1475 1474 1503 non
1520 1465 1598 1512 est,
1637 1463 1824 1516 profecto

292 1534 365 1574 illa
396 1534 676 1587 praestructio
708 1533 848 1575 minus
882 1533 1077 1584 habebat,
1107 1534 1218 1587 quod
1250 1533 1359 1575 inter
1392 1533 1557 1575 credere
1592 1537 1634 1575 et
1666 1533 1826 1587 aliquid

291 1618 489 1659 praesens
523 1607 661 1646 mente
695 1605 951 1658 conspicere,
985 1617 1035 1646 ne
1070 1605 1182 1647 omni
1215 1605 1338 1647 modo
1380 1618 1511 1646 unum
1551 1606 1677 1658 atque
1714 1605 1824 1646 idem

291 1678 524 1729 putaretur,
558 1689 704 1729 parum
738 1676 849 1718 clara
880 1676 1017 1717 fuerat
1050 1676 1284 1718 elocutione
1318 1676 1562 1719 discretum.
1853 1683 1889 1710 20

174 1758 214 1799 Π
240 1759 262 1800 7
354 1745 463 1798 Quid
492 1760 588 1801 ergo
617 1746 839 1789 dicemus?
868 1760 968 1788 num
997 1747 1099 1788 satis
1128 1749 1205 1797 est,
1227 1750 1275 1788 ut
1300 1747 1408 1788 inter
1436 1747 1576 1788 uidere
1599 1749 1639 1789 et
1660 1746 1826 1788 credere

293 1819 370 1860 hoc
423 1819 578 1860 distare
636 1819 839 1865 dicamus,
892 1818 990 1872 quia
1044 1819 1280 1873 praesentia
1335 1818 1545 1868 uidentur,
1603 1818 1828 1860 creduntur

294 1891 511 1932 absentia?
544 1892 664 1944 plane
697 1890 871 1931 forsitan
907 1890 1010 1931 satis
1051 1892 1127 1941 est,
1160 1890 1195 1931 si
1233 1889 1469 1944 praesentia
1506 1890 1579 1931 illa
1617 1890 1696 1931 1106
1733 1889 1825 1930 1060

344 2089 358 2122 1
389 2088 459 2122 iam
487 2091 568 2132 (om.
595 2090 654 2132 ne)
681 2088 728 2122 M
824 2087 943 2132 adh*c,
969 2099 1014 2122 m.
1043 2090 1067 2122 2
1094 2087 1211 2122 adhuc
1237 2088 1271 2121 P
1368 2087 1482 2122 lector
1507 2088 1542 2121 A
1643 2088 1664 2121 ⁶2
1691 2098 1759 2131 quo
1788 2087 1833 2120 H

293 2149 314 2181 4
341 2148 405 2191 ita,
433 2160 475 2182 m.
503 2151 522 2182 1
549 2158 640 2183 corr.
667 2148 739 2182 ista
771 2147 803 2182 T
933 2147 1070 2192 nostra]
1098 2149 1223 2181 nostra
1249 2147 1410 2192 superior
1435 2146 1633 2181 HMFAP
1656 2146 1752 2188 edd.;
1781 2147 1826 2190 cf.

288 2218 328 2251 p.
357 2207 447 2250 284,
474 2208 538 2248 10;
560 2208 650 2250 279,
671 2208 718 2240 14
769 2207 788 2239 ἴ)
807 2218 870 2251 per
896 2217 962 2241 om.
989 2204 1145 2239 TT10L
1220 2205 1558 2250 corpus—arborem
1577 2215 1658 2247 om,
1678 2216 1723 2239 m.
1744 2206 1829 2240 21η

295 2277 407 2311 mary.
436 2266 522 2300 adal.
550 2266 593 2299 H
687 2266 707 2299 6
735 2277 863 2310 corpus
901 2265 958 2300 uel
984 2266 1020 2299 P
1045 2276 1243 2310 corpusque
1269 2265 1319 2299 M
1425 2264 1588 2309 quolibet
1612 2264 1695 2299 MP
1719 2267 1774 2308 (m.
1804 2268 1831 2299 2

296 2325 498 2370 quodlibet)
526 2325 672 2369 aliquod
698 2327 819 2369 (eras.)
847 2325 1036 2369 quodlibet
1067 2325 1100 2359 T
1159 2325 1179 2358 9
1208 2324 1291 2358 dum
1317 2324 1396 2358 edd.
1477 2335 1753 2358 remeinoramur
1784 2323 1828 2357 T¹

297 2387 335 2419 11
367 2387 595 2430 conspectum
623 2384 822 2418 HMFAP
948 2383 1124 2418 adfuisse*
1146 2386 1177 2426 (t
1203 2384 1311 2426 eras.)
1338 2383 1382 2417 H
1405 2382 1539 2417 afuisse
1564 2383 1598 2417 L
1629 2382 1758 2428 quisse
1785 2383 1834 2418 M

298 2445 339 2478 12
368 2447 525 2479 creatum
551 2444 615 2478 scd
640 2455 659 2478 a
686 2446 743 2485 (m.
770 2446 789 2477 1
816 2442 848 2486 .9)
875 2454 983 2488 super
1007 2454 1082 2479 ras.
1114 2442 1147 2476 Τ
1224 2454 1441 2487 passumque
1470 2453 1508 2476 ac
1534 2443 1765 2477 resurrexisse
1786 2442 1834 2477 M

295 2516 438 2548 passum
465 2514 549 2538 uere
576 2505 634 2546 (m.
661 2505 687 2537 2
712 2503 823 2548 uere)
851 2502 1044 2536 surrexisse
1070 2502 1106 2535 P
1203 2502 1246 2536 14
1273 2501 1396 2536 uidere
1427 2501 1473 2535 Τ1
1577 2504 1770 2547 potuerant
1797 2503 1834 2536 P

298 2566 339 2600 15
374 2564 481 2607 sicut]
518 2565 553 2597 et
585 2562 678 2597 sicut
703 2561 817 2596 HFA
942 2562 984 2595 16
1018 2561 1195 2596 cernimur
1220 2561 1255 2596 A
1402 2561 1735 2605 aut—conspicitur
1761 2572 1828 2596 om·

295 2624 456 2658 HMFA
545 2622 588 2656 18
615 2621 831 2666 perstructio
864 2620 947 2655 T1O
1043 2620 1178 2654 habeat
1207 2619 1253 2654 Τ1
1341 2620 1384 2654 19
1411 2620 1507 2654 0111111
1535 2620 1655 2665 inodo]
1685 2620 1830 2654 0111111110

296 2683 374 2719 edd.
473 2682 518 2716 20
546 2681 739 2716 discretum
766 2681 809 2722 (is
838 2692 882 2716 m.
909 2683 928 2714 1
954 2680 994 2714 in
1019 2680 1109 2725 ras.)
1135 2679 1183 2713 M
1278 2679 1319 2713 21
1350 2679 1501 2713 dicimus
1528 2678 1725 2713 HMFAP
1749 2680 1827 2713 edd.

344 2741 638 2776 num—dicamus
666 2750 744 2783 ΘΜ,
774 2740 813 2774 in
838 2741 908 2783 inf.
935 2750 1047 2784 mara.
1075 2750 1119 2773 m.
1148 2742 1167 2772 1
1197 2738 1282 2774 add.
1309 2738 1344 2772 L
1467 2744 1513 2772 nu
1541 2749 1632 2773 corr.
1660 2749 1702 2773 ex
1726 2742 1767 2772 iic
1793 2738 1831 2772 P

296 2813 389 2837 nunc
416 2802 530 2836 HFA
604 2802 648 2835 23
674 2801 768 2844 loco]
798 2799 860 2833 illo
887 2800 922 2832 A
