1952 3118
83 1003 116 1027 10

83 1358 116 1382 15

474 224 823 269 epistularum
865 223 1055 258 CLXXIII.
1097 224 1336 259 CLXXIIIA.
1584 228 1669 268 649

143 356 284 397 deum
316 355 361 396 in
396 367 613 407 corpore,
641 354 801 395 nescire
829 353 1008 396 omnino.
1037 353 1144 394 unde
1172 353 1234 394 illi
1261 353 1503 407 persuaderi
1534 354 1671 408 possit

142 426 265 467 deum
293 439 384 467 esse
417 425 609 479 spiritum
644 428 851 474 sanctum,
878 428 1082 477 quantum
1110 424 1161 465 ad
1188 425 1483 466 auctoritatem
1511 425 1672 467 adtinet

141 497 377 538 diuinorum
405 496 687 550 eloquiorum;
717 500 921 549 quantum
950 499 1091 536 autem
1125 496 1175 536 ad
1207 496 1425 546 rationem,
1461 509 1567 549 quae
1600 497 1670 537 uel

142 568 192 608 ab
220 568 386 608 homine
415 568 483 609 uel
517 580 539 608 a
571 567 645 609 tali
679 567 858 609 homine.
893 569 1037 620 quales
1077 579 1152 607 nos
1186 579 1347 618 sumus,
1381 566 1475 608 iniri
1514 570 1668 620 potest,

142 638 191 679 de
237 639 312 679 hac
358 652 399 679 re
445 651 538 679 cum
585 638 725 679 labore
770 637 949 679 maximo
997 637 1250 690 disputatur.
1297 637 1489 691 quisquis
1529 640 1667 679 autem

142 709 253 750 cedit
291 709 529 751 diuinarum
564 710 865 762 scripturarum
900 709 1258 750 eminentissimae
1293 708 1550 757 auctoritati,
1590 708 1670 762 pri-

141 793 253 821 mum
288 781 516 824 intueatur.
550 779 662 833 quod
695 780 899 833 scriptum
933 782 1017 821 est:
1055 779 1316 820 Dominum
1351 778 1494 820 deum
1527 782 1669 819 tuum

141 851 374 893 adorabis
407 855 455 892 et
486 851 566 892 illi
601 851 697 892 soli
731 851 940 894 seruies,
970 850 1082 903 quod
1104 849 1262 892 Graece
1289 850 1348 891 ita
1373 850 1562 902 positum
1591 857 1669 894 est.

142 926 188 963 ut
227 935 306 963 non
346 922 418 963 illa
456 922 730 976 intellegatur
762 922 961 971 seruitus,
996 935 1101 975 quae
1134 921 1311 962 debetur
1349 925 1391 962 et
1429 920 1671 961 horninibus

143 993 337 1034 dominis.
373 993 446 1034 sed
472 993 558 1034 illa.
593 1005 699 1046 quae
727 992 803 1033 deo
835 995 1001 1034 tantum
1035 992 1266 1034 exhibenda
1299 995 1377 1042 est,
1412 1004 1518 1045 quae
1551 992 1672 1033 latria

143 1064 308 1106 dicitur.
343 1064 452 1105 unde
480 1066 521 1105 et
547 1063 743 1106 idolatria
774 1064 864 1105 iure
898 1063 1131 1114 damnatur,
1167 1077 1261 1105 curn
1295 1063 1421 1105 idolis
1455 1062 1672 1104 exhibetur

142 1136 348 1189 latriaque
394 1135 471 1176 deo
517 1148 615 1176 uero
667 1137 833 1176 tantum
882 1135 1113 1176 exhibenda
1165 1137 1242 1177 est.
1303 1148 1380 1177 non
1428 1137 1568 1175 autem
1615 1133 1672 1174 ait

143 1206 371 1248 ‘dominum
406 1205 530 1247 deum
558 1208 681 1246 tuum
709 1205 848 1246 solum
882 1205 1105 1255 adorabis',
1139 1208 1199 1246 ‘et
1231 1205 1340 1253 illi’,
1375 1204 1526 1257 inquit,
1560 1204 1671 1245 ‘soli

143 1277 365 1318 seruies’.
392 1276 451 1317 ibi
473 1276 577 1317 dixit
602 1276 742 1324 ‘soli'.v
770 1276 843 1317 ubi
871 1276 972 1317 dixit
999 1277 1225 1317 ‘seruies’
1252 1276 1323 1317 illa
1352 1276 1516 1317 scilicet
1542 1275 1671 1316 serui-

143 1349 246 1388 tute.
264 1359 368 1400 quae
385 1346 621 1402 appellatur
639 1346 774 1387 latria.
790 1346 841 1387 ad
857 1346 962 1387 hanc
983 1346 1231 1388 seruitutem
1251 1347 1430 1400 pertinet
1449 1348 1670 1400 templum.

143 1417 407 1460 sacrificium.
448 1417 643 1458 sacerdos
683 1421 724 1458 et
763 1417 797 1458 si
838 1417 937 1470 quid
978 1417 1102 1459 huius
1141 1417 1255 1460 modi
1296 1420 1371 1459 est.
1410 1430 1457 1459 ac
1489 1431 1562 1470 per
1593 1418 1670 1459 hoc

145 1489 363 1542 apostolus
402 1489 517 1530 nullo
558 1488 681 1529 modo
722 1488 879 1530 diceret
917 1501 1067 1541 corpus
1106 1490 1296 1530 nostrum
1336 1490 1544 1543 templum
1578 1501 1671 1530 esse

146 1560 319 1614 spiritus
349 1559 495 1609 sancti,
528 1559 607 1600 nisi
636 1559 673 1600 ei
708 1559 892 1600 seruitus
926 1559 999 1600 illa
1032 1559 1264 1611 deberetur,
1298 1573 1403 1612 quae
1436 1560 1674 1614 appellatur

143 1631 278 1673 latria.
313 1643 434 1683 porro
461 1630 559 1671 talis
594 1629 778 1671 seruitus
812 1643 891 1671 non
924 1629 1158 1682 deberetur,
1191 1630 1273 1671 nisi
1307 1630 1409 1672 deus
1443 1632 1569 1680 esset,
1604 1630 1670 1671 cui

86 1719 100 1737 2
147 1701 335 1751 debetur,
382 1701 628 1755 praesertim
674 1701 770 1754 quia
812 1714 986 1754 corpora
1030 1704 1169 1743 nostra
1214 1701 1401 1742 membra
1440 1714 1531 1742 esse
1571 1701 1672 1742 dicit

147 1772 315 1814 Christi.
368 1785 491 1825 quem
543 1771 666 1813 deum
713 1785 805 1814 esse
849 1785 927 1814 non
971 1776 1136 1828 negant.
1189 1773 1314 1814 etiam
1362 1773 1431 1826 qui
1476 1772 1670 1826 spiritum

146 1847 336 1884 sanctum
378 1843 501 1884 deum
535 1845 689 1897 negant
722 1847 763 1884 et
795 1844 864 1896 qui
905 1843 1105 1885 maiorem
1139 1843 1355 1886 Christum
1390 1856 1513 1896 quam
1553 1843 1672 1895 spiri-

146 1923 237 1955 tum
289 1918 479 1956 sanctum
534 1928 625 1957 esse
677 1916 949 1957 contendunt.
1002 1928 1083 1969 quo
1134 1915 1258 1957 modo
1310 1915 1442 1970 igitur
1485 1915 1670 1956 membra

147 1985 316 2026 maioris
343 1986 551 2039 templum
580 1989 692 2027 esset
718 1986 916 2028 minoris?
950 1987 1059 2027 unde
1086 1999 1166 2028 non
1195 1987 1332 2028 solum
1360 1999 1433 2040 per
1459 1986 1537 2027 hoc
1570 1986 1672 2027 deus

88 2074 116 2097 ε»-
148 2069 240 2098 esse
285 2057 373 2097 sine
418 2057 680 2098 dubitatione
724 2057 987 2112 intellegitur
1025 2058 1199 2110 spiritus
1239 2060 1424 2107 sanctus,
1471 2058 1568 2111 quia
1608 2058 1672 2110 pie

147 2130 341 2181 recteque
386 2129 591 2182 templum
636 2128 764 2169 tribui
804 2141 882 2169 non
921 2132 1062 2182 potest
1100 2129 1180 2170 nisi
1220 2129 1312 2172 deo,
1359 2142 1505 2170 uerum
1546 2129 1671 2170 etiam

149 2211 255 2239 unus
295 2198 396 2240 deus
436 2211 527 2239 esse
567 2199 802 2240 necessario
842 2199 1048 2252 reperitur
1086 2212 1180 2240 cum
1213 2202 1329 2253 patre
1363 2202 1405 2241 et
1436 2199 1536 2248 filio,
1577 2199 1673 2252 quia

146 2269 312 2311 trinitas
353 2283 459 2310 unus
499 2272 564 2310 est
603 2270 718 2311 deus.
758 2283 850 2311 cum
893 2270 1002 2311 enim
1040 2270 1187 2324 templi
1221 2270 1440 2312 attributio
1475 2270 1525 2311 ad
1558 2271 1672 2311 illam

148 2341 397 2382 seruitutem
420 2341 612 2394 pertinet.
635 2354 739 2394 quae
760 2342 882 2383 latria
899 2343 1089 2391 uocatur,
1112 2344 1152 2383 et
1173 2341 1375 2396 scriptum
1404 2344 1488 2383 est:
1511 2341 1673 2382 Domi-

89 2431 123 2453 η.)
148 2425 259 2452 num
293 2411 433 2453 deum
461 2415 597 2454 tuum
628 2412 859 2454 adorabis
888 2415 936 2453 et
962 2413 1042 2454 illi
1070 2412 1167 2454 soli
1195 2413 1406 2461 seruies,
1433 2412 1475 2453 id
1503 2415 1569 2453 est
1595 2411 1672 2453 soli

146 2482 310 2523 latriam
333 2483 560 2533 exhibebis,
581 2484 782 2536 profecto,
805 2483 1001 2537 quoniam
1022 2483 1159 2525 latria.
1181 2495 1275 2525 cum
1304 2486 1416 2524 recte
1444 2482 1674 2524 exhibetur.

150 2553 225 2594 deo
265 2553 484 2595 exhibetur
522 2557 576 2607 et,
617 2555 684 2595 cui
717 2555 923 2608 templum
958 2554 1188 2603 exhibetur,
1227 2554 1351 2595 latria
1383 2553 1602 2595 exhibetur
1634 2556 1673 2594 et

269 2635 287 2667 7
315 2634 422 2668 Deut.
450 2638 482 2677 6,
511 2635 571 2675 13;
598 2635 728 2669 Matth.
754 2637 787 2674 4,
818 2635 860 2669 10
932 2635 977 2669 20
1004 2635 1019 2669 Ι
1047 2634 1128 2671 Cor.
1153 2638 1186 2672 «5.
1215 2636 1275 2674 15;
1307 2635 1359 2673 1⁶2,
1388 2636 1430 2669 *Ξῖ

200 2705 214 2737 1
240 2708 323 2747 post
349 2716 494 2749 corpore
519 2716 547 2739 8.
574 2716 608 2739 u.
637 2716 680 2739 ex
703 2715 797 2740 sacr.
826 2706 894 2741 litt.
921 2716 966 2739 m.
995 2710 1019 2739 2
1045 2705 1131 2740 add.
1159 2708 1278 2739 uestro
1307 2706 1344 2739 E
1487 2704 1672 2749 psuadere.

151 2774 192 2795 m.
216 2766 241 2796 2
266 2763 439 2807 psuadere
460 2764 511 2804 E,·
538 2765 678 2798 cor-reri
703 2764 907 2808 persuaderi
957 2766 979 2798 4
1000 2765 1089 2798 inire
1110 2764 1166 2807 Ins.-
1191 2766 1331 2799 correxi
1357 2764 1437 2798 iniri
1488 2765 1532 2798 22
1555 2764 1674 2808 quain}

151 2832 254 2866 quam
283 2822 342 2866 qui
371 2822 424 2864 E;
450 2823 569 2857 delenti
594 2823 654 2867 qui
