1952 3118
681 217 1035 262 epistularum
1075 216 1249 254 CXLVII.
1647 220 1732 260 319

205 347 287 389 nisi
330 346 475 388 mundi
519 347 662 399 potest
704 358 796 387 esse
842 346 979 388 cordis
1025 349 1242 389 accessus!
1287 359 1382 389 cum
1424 347 1556 402 igitur
1591 347 1731 390 lucem

205 419 330 460 istam
357 418 469 460 omni
497 416 702 471 corporali
727 417 813 459 luci
833 430 913 459 non
935 418 1071 460 solum
1092 418 1249 461 iudicio
1275 419 1449 460 rationis
1478 418 1551 461 sed
1578 419 1732 461 amoris

205 501 371 542 quoque
403 488 594 542 appetitu
625 488 1008 542 praeposuerimus,
1047 492 1203 542 quanto
1235 489 1278 530 id
1309 490 1446 544 magis
1479 490 1731 537 ualebimus,

203 563 320 602 tanto
371 560 523 601 melius
574 559 826 610 ualebimus‚
885 559 1015 601 donec
1065 562 1266 602 sanentur
1314 573 1457 602 omnes
1507 561 1730 616 languores

204 631 364 673 animae
397 632 562 672 nostrae
590 630 639 672 ab
665 630 754 681 illo,
788 630 860 683 qui
892 630 1101 684 propitius
1127 630 1175 671 fit
1203 630 1399 672 omnibus
1431 631 1729 685 iniquitatibus

204 702 373 744 nostris.
411 701 452 742 in
485 702 561 743 hac
595 701 704 743 enim
736 701 952 743 uiuaciore
985 701 1075 742 uita
1106 701 1207 742 facti
1246 701 1459 755 spiritales
1497 702 1730 756 poterimus

203 773 341 815 omnia
385 772 628 823 diiudicare,
672 772 756 826 ipsi
800 785 900 814 uero
947 785 970 813 a
1008 772 1171 814 nemine
1218 772 1451 814 diiudicari.
1497 773 1729 815 animalis

202 849 365 886 autem
410 835 558 886 homo
609 856 703 886 non
755 844 987 898 percipit,
1033 856 1155 898 quae
1208 846 1324 885 sunt
1369 844 1583 898 spiritus
1630 844 1727 889 dei:

202 916 430 958 stultitia
469 918 545 957 est
584 915 712 957 enim
750 915 831 957 illi
875 918 922 957 et
966 928 1057 957 non
1095 916 1266 969 potest
1305 915 1448 966 scire,
1496 916 1727 970 quoniam

202 987 511 1041 spiritaliter
542 986 870 1029 diiudicatur.

260 1058 381 1111 Quod
414 1058 450 1099 si
482 1057 666 1099 nondum
704 1070 932 1111 possumus
970 1057 1176 1112 praeferre
1214 1058 1354 1100 lucem
1391 1057 1648 1099 iudicantem
1691 1057 1728 1098 ei

200 1130 299 1181 luci,
345 1129 395 1170 de
441 1142 522 1182 qua
565 1128 789 1178 iudicatur,
834 1129 1039 1183 praeferre
1083 1129 1217 1170 uitam
1255 1129 1572 1184 intellegentem
1614 1127 1728 1169 uitae

200 1203 364 1243 tantum
401 1200 524 1242 modo
570 1200 782 1250 sentienti,
827 1200 1032 1253 praeferre
1075 1202 1266 1242 naturam
1311 1213 1392 1241 non
1431 1199 1533 1241 alibi
1569 1199 1649 1241 hoc
1688 1202 1728 1240 et

200 1272 300 1314 alibi
338 1272 452 1313 aliud
491 1271 565 1313 sed
603 1271 755 1321 omnia,
795 1284 902 1325 quae
939 1272 1079 1322 habet,
1120 1272 1161 1314 in
1201 1283 1283 1313 uno
1324 1271 1451 1312 simul
1489 1270 1727 1312 habentem.

201 1343 328 1385 sicuti
356 1345 421 1385 est
444 1343 537 1396 ipsa
563 1345 705 1384 nostra
729 1343 1033 1397 intellegentia,
1060 1344 1097 1385 ei
1124 1345 1308 1395 naturae,
1334 1356 1440 1396 quae
1459 1342 1519 1383 ita
1541 1342 1727 1396 partibus

200 1416 380 1463 constat,
424 1417 473 1456 ut
512 1414 647 1456 minor
691 1414 747 1456 sit
790 1414 965 1456 dimidia
1008 1427 1132 1468 quam
1177 1416 1280 1463 tota,
1326 1413 1454 1455 sicuti
1498 1416 1563 1455 est
1607 1425 1727 1454 omne

200 1498 365 1539 corpus,
411 1485 624 1540 superfluo
664 1485 713 1527 de
751 1486 876 1528 rebus
914 1485 1044 1527 tantis
1083 1498 1130 1527 ac
1167 1485 1325 1527 talibus
1365 1485 1646 1538 disputamus.
1691 1484 1726 1525 si

199 1559 341 1598 autem
379 1556 458 1598 hoc
495 1557 577 1598 iam
617 1569 861 1610 possumus,
908 1557 1068 1611 aliquid
1108 1557 1260 1598 melius
1300 1570 1424 1610 quam
1462 1555 1726 1597 intellectum

199 1630 389 1669 nostrum
417 1628 543 1669 deum
570 1640 661 1670 esse
689 1628 923 1678 credamus,
955 1631 1004 1670 ut
1040 1640 1131 1682 pax
1164 1628 1269 1674 eius.
1303 1640 1425 1681 quae
1457 1626 1726 1680 praecellit

200 1711 386 1740 omnem
429 1699 763 1749 intellectum,
809 1699 1066 1741 custodiat
1110 1698 1257 1740 corda
1300 1701 1443 1739 nostra
1487 1700 1535 1739 et
1580 1697 1726 1738 intel-

316 1805 338 1838 4
364 1803 421 1838 Ps.
452 1803 529 1844 102,
557 1804 578 1838 3
664 1805 684 1838 6
711 1803 727 1838 Ι
755 1803 832 1840 Cor.
861 1804 893 1847 2,
923 1804 966 1838 15
1053 1805 1071 1838 7
1099 1804 1116 1838 Ι
1143 1803 1223 1839 Cor.
1250 1804 1285 1843 2,
1313 1803 1356 1837 14
1450 1803 1493 1836 19
1520 1802 1616 1837 Phil.
1642 1803 1676 1843 4,
1704 1802 1722 1835 Τ

248 1875 264 1908 1
293 1885 474 1915 accensus,
501 1886 546 1909 m.
572 1877 592 1909 1
617 1886 707 1910 corr.
735 1886 898 1910 accessus
930 1875 960 1910 O
985 1887 1130 1910 accessu
1151 1876 1185 1909 A
1283 1873 1724 1919 cum—praeposuerimus

199 1944 278 1978 om„
304 1945 349 1967 m.
376 1936 395 1967 1
420 1934 461 1967 in
486 1945 564 1978 sup.
591 1945 702 1979 mary.
731 1934 817 1969 add.
845 1934 894 1968 M
1010 1935 1140 1980 lucem]
1168 1935 1204 1968 in
1229 1934 1345 1969 lucem
1376 1933 1442 1969 To
1515 1933 1536 1966 2
1562 1933 1724 1977 incorpo-

198 1993 263 2027 rali
289 1993 323 2027 L
419 1993 490 2027 luci
517 2004 583 2028 om.
610 1993 658 2027 M
681 1994 759 2028 luce
791 1993 857 2028 ΟΡ
959 1993 1022 2028 sed
1049 1994 1177 2028 amoris
1204 2005 1271 2028 om.
1298 1994 1332 2027 A
1431 1993 1452 2026 3
1477 1991 1725 2037 pposuerimus

198 2063 270 2086 ras.
298 2056 329 2087 et
355 2063 446 2087 corr.
473 2064 518 2086 m.
546 2056 564 2086 1
593 2064 636 2087 ωε
661 2054 907 2097 pposuerimus
938 2054 968 2088 O
1099 2056 1120 2087 4
1147 2056 1249 2087 tanto
1275 2052 1404 2087 melius
1430 2051 1630 2086 ualebimus
1657 2061 1723 2083 om.

205 2111 305 2146 TOL
400 2113 515 2156 magis
542 2113 621 2146 uale
659 2112 793 2149 bemus.
821 2125 864 2147 m.
893 2115 911 2146 1
937 2123 1028 2147 corr.
1054 2113 1182 2146 melius
1208 2112 1289 2146 uale
1308 2112 1310 2131 f
1328 2112 1446 2145 bimus
1468 2111 1511 2144 M
1608 2121 1724 2151 omne,

199 2182 243 2204 m.
269 2174 289 2205 1
313 2181 403 2206 corr.
431 2182 552 2205 omnes
585 2172 617 2205 T
698 2174 718 2207 6
746 2172 919 2206 uiuaciori
946 2172 980 2206 P
1060 2173 1078 2206 7
1106 2172 1175 2217 ipsi
1204 2175 1314 2216 (post.
1341 2171 1354 2205 i
1380 2182 1424 2205 ex
1449 2181 1539 2205 corr.
1566 2181 1610 2203 m.
1639 2171 1669 2212 1)
1696 2167 1727 2201 T

199 2230 286 2275 ipse,
312 2241 386 2264 ras.
412 2234 453 2265 ut
478 2230 555 2265 uid.
582 2231 651 2276 ipsi
678 2231 721 2265 H
862 2243 881 2264 a
906 2232 1063 2275 nemine]
1092 2231 1221 2277 anime,
1248 2242 1292 2265 m.
1320 2232 1346 2264 2
1371 2242 1390 2264 a
1417 2230 1558 2264 nemine
1585 2228 1624 2263 F
1647 2229 1723 2262 ani-

199 2289 293 2324 mine
320 2290 352 2323 A
403 2290 425 2324 9
452 2290 589 2333 stultia,
616 2302 659 2326 m.
688 2293 713 2324 2
738 2290 897 2325 stultitia
922 2290 961 2324 F
1030 2291 1123 2325 enim
1152 2296 1206 2324 est
1231 2290 1314 2324 MA
1340 2288 1418 2325 edd.
1479 2289 1517 2323 11
1548 2287 1722 2330 nonduml

200 2359 270 2382 non
300 2348 365 2382 TL
462 2349 619 2393 proferre
647 2350 680 2383 A
780 2350 810 2383 ei
839 2350 876 2383 in
897 2350 975 2393 fine
999 2360 1034 2384 u.
1061 2360 1128 2384 om.
1155 2349 1190 2382 P
1214 2351 1251 2383 et
1281 2347 1347 2382 TO
1446 2347 1488 2382 12
1514 2347 1584 2382 luci
1612 2345 1655 2380 de
1682 2357 1725 2379 ex

201 2417 290 2442 corr.
317 2419 361 2442 m.
388 2411 418 2451 1,
436 2409 558 2452 fuisse
583 2408 660 2444 uid.
687 2409 800 2442 lucein
821 2409 863 2442 H
886 2409 965 2443 luce
993 2408 1047 2445 de.
1074 2420 1118 2442 m.
1146 2408 1171 2440 2
1196 2408 1268 2443 luci
1295 2407 1338 2442 de
1359 2407 1395 2441 P
1521 2406 1599 2451 pfer
1625 2405 1724 2439 auita

201 2466 473 2512 intellegentem
500 2467 565 2501 TO
616 2469 658 2502 13
679 2468 866 2502 sentientai
888 2469 981 2512 (suit
996 2468 1077 2511 l)H
1094 2468 1273 2503 sentiente
1294 2468 1326 2501 T
1342 2467 1501 2501 sentient
1519 2464 1549 2499 O
1622 2475 1723 2509 prae-

202 2526 304 2570 ferre]
331 2538 414 2572 prae
446 2527 512 2561 To
537 2539 558 2572 p
586 2528 620 2561 L
692 2532 821 2562 natura
847 2528 863 2562 ¹?
891 2528 930 2562 H
957 2531 1084 2562 natura
1104 2528 1176 2562 AP
1200 2531 1258 2568 (m.
1287 2530 1312 2562 2
1337 2529 1480 2568 natura)
1534 2526 1575 2559 15
1601 2527 1726 2558 nostra

202 2583 279 2629 ipsa
303 2597 336 2619 m
362 2588 486 2620 nostra
513 2589 594 2630 (om.
621 2587 712 2631 ipsa)
739 2591 816 2621 cett.
844 2587 923 2621 edd.
999 2590 1126 2621 natura
1152 2586 1233 2621 HF
1253 2591 1315 2628 (m.
1342 2589 1360 2619 1
1386 2596 1476 2619 corr.
1503 2587 1667 2625 naturae)
1690 2583 1724 2617 A

207 2645 246 2678 16
273 2645 387 2679 minus
414 2645 611 2680 HMF.11P
635 2648 722 2691 aes
790 2647 905 2680 secuti
933 2649 964 2679 A
1043 2646 1082 2680 17
1111 2647 1252 2691 corpus}
1282 2656 1371 2690 opus
1401 2645 1431 2679 O
1515 2643 1614 2681 tatis,
1641 2654 1685 2676 m.
1708 2645 1725 2675 1

205 2701 252 2745 (?)
277 2714 366 2737 corr.
393 2704 505 2738 tantis
532 2703 570 2738 F
652 2715 692 2738 ac
718 2704 866 2748 talibus}
896 2704 1036 2738 actibus
1062 2705 1096 2739 A
1162 2704 1203 2738 18
1231 2705 1316 2748 iam}
1345 2704 1453 2737 etiam
1481 2702 1514 2736 L
1578 2703 1619 2736 19
1647 2712 1724 2735 esse

203 2771 268 2795 om.
296 2761 330 2796 L
450 2763 651 2807 praecellet.
678 2775 723 2797 m.
752 2767 777 2797 2
801 2763 987 2808 praecellit
1014 2763 1048 2797 P
1072 2763 1268 2807 praecellat
1294 2763 1326 2796 J,
1424 2761 1469 2796 ⁶20
1496 2760 1721 2795 custodiat-—

202 2818 423 2855 intellectum
450 2832 517 2855 om.
545 2823 578 2855 A
677 2821 783 2856 corda
808 2823 946 2867 nostra}
974 2838 1005 2854 a·
1034 2822 1127 2866 (suit
1153 2823 1207 2864 nr)
1233 2821 1339 2856 corda
1366 2821 1399 2855 L
