1952 3118
0 597 2 659 ἱ

90 657 109 697 1

132 596 148 622 5

117 958 149 983 10

116 1670 150 1694 ‘20

593 177 943 221 epistularum
983 176 1106 213 CXLI.
1146 176 1285 212 CXLII.
1617 180 1702 220 247

851 306 1016 350 CXLII.

174 401 379 438 DOMINIS
406 400 759 436 DILECTISSIMIS
786 400 1054 436 FRATRIBUS
1081 400 1404 436 PRESBYTERIS
1426 400 1704 436 SATURNINO

171 462 232 497 ET
272 461 522 496 EUFRATAE
560 460 619 494 ΕΤ
659 459 888 499 CLERICIS,
929 459 1013 501 QUI
1053 459 1301 495 VOBISCUM
1345 459 1409 494 AD
1456 460 1706 495 UNITATEM

172 520 363 557 CHRISTI
388 519 648 562 PACEMQUE
675 518 914 554 CONVERSI
941 518 1078 557 SUNT,
1105 519 1412 555 AUGUSTINUS
1437 519 1702 556 EPISCOPUS

671 579 724 613 IN
744 578 937 613 DOMINO
966 578 1198 613 SALUTEM.

233 665 499 706 Laetificauit
524 677 599 706 nos
626 665 768 705 uester
794 663 1013 714 aduentus,
1035 663 1107 705 sed
1137 676 1214 704 non
1242 676 1319 705 uos
1347 664 1537 706 absentia
1563 666 1705 706 nostra

177 736 405 778 contristet.
432 735 472 776 in
505 734 579 776 illa
611 734 720 776 enim
748 734 925 775 ecclesia
952 746 1114 785 sumus,
1143 747 1247 787 quae
1279 735 1462 788 propitio
1490 735 1580 785 deo,
1606 735 1705 776 licet

174 818 475 861 usquequaque
514 807 704 860 porrecta
742 807 784 846 et
820 807 911 847 toto
952 805 1050 847 orbe
1090 805 1243 847 diffusa
1281 806 1350 855 sit,
1390 819 1519 848 unum
1564 808 1703 847 tamen

174 891 323 932 corpus
357 880 422 920 est
453 890 652 932 magnum
685 877 812 918 unius
846 876 996 930 capitis
1029 877 1184 930 magni.
1213 876 1325 930 quod
1358 880 1485 931 caput
1517 877 1607 920 eius
1641 880 1707 919 est

174 950 264 1003 ipse
303 950 501 999 saluam,
543 948 655 989 sicut
693 948 911 1002 apostolus
952 947 1066 990 dicit.
1107 947 1157 989 de
1197 948 1322 990 huius
1368 951 1509 990 autem
1556 949 1706 1002 capitis

175 1020 492 1076 glorificatione,
538 1032 643 1073 quae
687 1021 784 1072 post
828 1019 918 1060 eius
963 1019 1311 1061 resurrectionem
1364 1019 1508 1061 futura
1555 1020 1704 1069 fuerat,

174 1096 291 1135 tanto
319 1094 413 1132 ante
440 1091 645 1146 propheta
671 1090 894 1144 praedixit:
928 1090 1158 1131 Exaltare
1187 1102 1335 1144 super
1361 1091 1541 1141 caelos,
1570 1091 1704 1134 deus.

176 1166 229 1213 et,
257 1163 354 1216 quia
385 1162 458 1203 illo
492 1175 618 1216 super
650 1162 788 1203 caelos
822 1162 1002 1203 exaltato
1037 1162 1217 1203 ecclesia
1243 1163 1332 1203 eius
1361 1175 1526 1204 omnem
1552 1165 1705 1204 terram

175 1234 345 1289 copiosa
376 1233 631 1275 fecunditate
665 1233 799 1274 fuerat
830 1233 1070 1286 impletura,
1105 1234 1408 1286 consequenter
1447 1233 1559 1274 idem
1598 1233 1706 1287 psal-

133 1314 148 1338 5
174 1318 267 1347 mus
290 1305 498 1346 adiunxit:
525 1305 588 1345 Et
614 1317 764 1357 super
791 1316 982 1345 omnem
1008 1306 1190 1345 terram
1219 1304 1381 1358 gloria
1402 1305 1497 1345 tua.
1518 1304 1704 1358 proinde,

174 1376 452 1427 dilectissimi,
479 1376 621 1417 stabili
655 1377 794 1417 mente
823 1378 864 1417 et
890 1375 1132 1417 firmissimo
1167 1375 1290 1417 corde
1323 1375 1401 1417 sub
1428 1378 1514 1417 tam
1541 1376 1703 1418 excelso

175 1448 310 1502 capite
349 1448 389 1489 in
428 1450 515 1488 tam
554 1447 738 1502 glorioso
779 1460 950 1501 corpore
989 1447 1280 1501 persistamus,
1319 1447 1360 1487 in
1402 1459 1484 1500 quo
1522 1447 1705 1489 inuicem

174 1519 361 1560 membra
388 1531 550 1560 sumus.
586 1518 707 1561 unde.
737 1518 863 1559 etiam
891 1518 926 1559 si
953 1517 1250 1559 remotissimis
1278 1518 1400 1559 terris
1427 1531 1520 1559 mea
1544 1518 1706 1575 longin-

175 1602 256 1642 qua
294 1592 407 1630 esset
446 1589 649 1632 absentia.
689 1590 730 1630 in
769 1590 841 1630 illo
882 1589 1009 1630 simul
1048 1602 1252 1639 essemus,
1293 1603 1316 1631 a
1353 1589 1476 1631 cuius
1521 1591 1704 1644 corporis

175 1661 336 1702 unitate
362 1660 555 1702 recedere
582 1673 660 1702 non
689 1660 904 1702 debemus.
933 1661 968 1702 si
995 1661 1104 1702 enim
1132 1672 1207 1702 nos
1236 1673 1316 1701 una
1342 1660 1491 1702 domus
1519 1661 1702 1705 haberet.

175 1731 320 1784 utique
354 1732 482 1772 simul
515 1743 607 1773 esse
635 1731 886 1774 diceremur:
922 1734 1076 1785 quanto
1104 1732 1238 1788 magis
1266 1732 1394 1774 simul
1421 1746 1580 1784 sumus,
1608 1746 1702 1775 cum

171 1802 210 1843 in
245 1815 326 1844 uno
361 1815 532 1856 corpore
566 1802 693 1844 simul
729 1804 896 1844 sumus!
932 1816 1187 1856 quamquam
1223 1804 1349 1845 etiam
1383 1804 1422 1845 in
1459 1817 1541 1846 una
1579 1805 1702 1846 domo

170 1886 243 1915 nos
278 1886 369 1914 esse
402 1873 559 1915 ueritas
592 1873 685 1926 ipsa
716 1875 911 1924 testatur,
939 1874 1136 1927 quoniam
1170 1876 1314 1916 sancta
1346 1875 1568 1929 scriptura,
1597 1888 1702 1929 quae

289 2038 309 2069 ὅ
337 2035 426 2080 Eph.
454 2038 486 2073 5,
515 2036 576 2077 23;
606 2035 681 2070 Col.
713 2036 742 2075 1,
773 2035 815 2069 18
894 2036 953 2072 122
985 2037 1026 2070 15
1054 2036 1112 2073 Ps.
1141 2038 1198 2077 56,
1229 2036 1270 2070 12

312 2152 347 2186 Ρ
384 2169 425 2180 m--
453 2152 528 2187 cod.
556 2152 756 2187 Parisinus
782 2163 866 2187 nou.
897 2163 972 2197 aeq.
1002 2155 1103 2187 1672
1127 2166 1155 2187 s.
1183 2153 1258 2188 IX.

321 2211 353 2244 V
386 2227 427 2240 =
456 2211 532 2247 cod.
567 2211 774 2245 Vaticanus
804 2213 882 2246 495
907 2224 934 2246 s.
963 2211 1049 2246 XV.

319 2269 352 2304 K
386 2287 425 2299 Ἢ.
455 2270 531 2304 eod.
565 2270 774 2305 Vaticanus
802 2272 880 2305 499
904 2283 933 2305 s.
961 2271 1047 2305 XV.

290 2386 543 2422 Louamfenses
573 2387 670 2421 hanc
701 2388 893 2432 epistulam
922 2388 960 2421 in
994 2387 1191 2422 Vaticanis
1222 2389 1491 2433 exemplaribus
1523 2393 1700 2433 repertam

167 2446 281 2488 primi
305 2446 507 2480 ediderunt.

220 2598 240 2629 3
268 2597 403 2630 eufrate
430 2597 465 2631 P
490 2598 618 2631 eufrati
652 2597 723 2632 VU
747 2597 825 2632 edd.
984 2598 1182 2637 uobiscum,
1210 2610 1243 2632 a.
1270 2610 1314 2633 m.
1344 2598 1528 2633 uobiscum
1557 2601 1641 2632 sunt
1668 2599 1702 2632 P

174 2655 357 2689 uobiscum
384 2658 465 2689 sunt
502 2656 569 2690 VU
594 2656 674 2690 edd.
742 2658 764 2690 4
791 2657 952 2690 conuersi
981 2659 1078 2701 santi
1108 2658 1287 2692 conuersis
1322 2657 1392 2691 VI*
1415 2658 1494 2692 edd.
1570 2658 1588 2691 7
1617 2669 1700 2692 con-

174 2714 295 2748 tristat
327 2714 397 2749 VU
422 2714 464 2748 Is
549 2725 639 2759 quae
666 2726 733 2750 om.
760 2716 795 2749 P
858 2716 899 2750 10
927 2715 1030 2761 dicit]
1058 2717 1109 2750 ait
1142 2717 1175 2750 (s
1237 2719 1279 2750 15
1306 2720 1400 2751 terra
1426 2717 1461 2750 P
1524 2718 1564 2750 1³
1592 2717 1699 2751 etiam

175 2773 219 2817 si}
248 2773 313 2807 etsi
348 2773 417 2806 1'1'
441 2773 518 2808 edd.
597 2775 638 2808 19
666 2776 699 2818 a]
727 2775 760 2808 in
794 2774 828 2809 U
905 2776 951 2809 22
978 2776 1083 2810 simul
1109 2776 1149 2810 in
1175 2777 1248 2819 fine
1272 2787 1307 2810 u.
1336 2787 1403 2810 om.
1434 2776 1466 2809 P
1563 2779 1598 2810 et
1625 2776 1700 2810 Isr
