1844 3122
68 967 100 991 10

61 1678 95 1703 20

621 182 969 226 epistularum
1010 182 1180 217 cxxx‘ll.
1601 187 1656 225 2:⁷5

132 315 287 354 nuntur
319 313 470 363 onmia,
505 325 611 366 quae
638 314 832 353 amantur
857 312 897 352 in
926 312 1095 362 mundo,
1126 317 1172 353 ut
1198 312 1287 353 uita
1312 315 1409 366 post
1435 313 1656 366 paululum

132 383 310 425 finienda
348 383 498 425 saltem
538 383 675 437 ipsum
722 384 940 436 paululum
982 385 1174 425 teneatur
1211 383 1251 424 iu
1291 383 1462 427 mundo,
1497 387 1538 424 et
1576 397 1654 425 non

131 454 411 496 contemnitur
443 454 639 503 mundus,
674 456 721 496 ut
752 454 991 496 obtineatur
1023 453 1125 503 uita,
1160 467 1266 507 quae
1300 454 1387 495 sine
1426 455 1505 495 fine
1545 454 1657 507 apud

129 526 250 567 illum
278 528 356 576 est,
383 539 456 578 per
483 539 607 579 quem
635 526 771 567 factus
793 527 859 567 est
878 525 1090 567 mundus?
1117 525 1240 566 modo
1271 538 1365 567 cum
1393 526 1484 579 ipsa
1511 525 1656 576 Roma,

130 597 389 639 domicilium
405 597 627 639 clarissimi
648 597 826 652 imperii⁷
840 597 1054 639 barbarico
1076 597 1515 649 uastareturineuisu,
1531 610 1658 651 quam

128 668 249 710 multi
271 669 384 710 uitae
406 669 533 710 huius
553 669 796 723 temporalis
819 670 1041 718 amatores,
1058 671 1105 710 ut
1125 681 1215 709 eam
1238 669 1307 710 uel
1322 667 1546 710 infeliciter
1565 680 1657 722 pro·

128 739 358 781 ducendam
387 740 625 793 nudamque
652 739 915 787 redimerent,
943 739 1146 781 dederunt
1173 739 1324 790 omnia,
1353 752 1459 793 quae
1485 739 1547 780 illi
1575 751 1655 780 non

128 812 264 852 solum
294 811 564 852 oblectandae
592 813 633 852 et
660 810 864 852 ornandae
891 824 1038 852 uerum
1066 810 1193 852 etiam
1215 810 1516 852 sustentandae
1536 811 1657 851 tuen-

127 883 285 935 daeque
314 882 557 923 seruabant!
592 883 730 924 solent
763 884 873 924 certe
907 883 1114 924 amatores
1148 881 1248 932 illis,
1283 895 1386 935 quas
1422 883 1575 933 amant,
1610 883 1656 921 ut

127 966 195 995 eas
228 953 422 996 habeant.
455 953 589 995 multa
622 954 828 1002 eonferre;
862 953 934 994 isti
961 955 1141 994 amatam
1176 965 1295 995 suam
1329 965 1408 994 non
1442 952 1655 1002 haberent,

124 1025 205 1066 nisi
231 1024 406 1066 amando
440 1025 605 1078 inopem
637 1024 930 1075 reddidissent,
964 1037 1039 1066 nec
1073 1024 1110 1066 ei
1142 1025 1276 1066 multa
1309 1024 1554 1074 conferrent,
1583 1023 1657 1064 sed

125 1098 272 1137 cuncta
300 1096 441 1149 potius
469 1096 690 1145 auferrent,
720 1108 768 1137 ne
797 1096 876 1137 sibi
904 1108 993 1137 eam
1021 1096 1158 1137 hostis
1186 1095 1380 1137 auferret.
1408 1108 1483 1136 nec
1511 1107 1654 1136 eorum

124 1167 377 1221 reprehendo
430 1167 672 1215 consilium3
726 1167 819 1220 quis
871 1166 981 1208 enim
1034 1167 1195 1208 nesciat
1243 1166 1472 1221 perituram
1522 1164 1655 1206 fuisse

122 1237 271 1291 ipsam.
313 1238 347 1279 si
387 1251 466 1279 non
514 1251 561 1280 ea
604 1239 825 1292 perissent,
872 1251 977 1292 quae
1021 1238 1236 1280 recondita
1279 1238 1444 1279 fuerant
1487 1237 1656 1290 propter

66 1324 72 1345 z
122 1307 287 1361 ipsam‘.>
320 1309 514 1362 quamuis
549 1312 590 1351 et
629 1309 799 1363 quidam
839 1310 1094 1364 perdiderint
1126 1309 1241 1363 prius
1274 1309 1347 1350 illa
1379 1321 1472 1350 mox
1504 1308 1652 1361 ipsam,

122 1379 291 1432 quidam
324 1394 423 1422 uero
458 1381 557 1422 licet
591 1381 724 1433 parati
758 1383 908 1422 cuncta
947 1380 1118 1434 perdere
1157 1383 1327 1434 propter
1364 1380 1498 1433 ipsam
1538 1379 1653 1432 prius

120 1451 375 1504 perdiderint
408 1451 555 1505 ipsam.
585 1451 658 1493 sed
690 1452 785 1493 hine.
812 1452 1060 1493 admonendi
1095 1464 1256 1502 sumus,
1285 1451 1430 1504 quales
1464 1452 1656 1492 aeternae

120 1522 233 1563 uitae
267 1522 489 1565 dilectores
523 1535 614 1564 esse
648 1522 889 1572 debeamus,
924 1525 971 1563 ut
1002 1526 1173 1576 propter
1204 1536 1294 1564 eam
1335 1524 1653 1564 contemnamus

121 1596 271 1634 cuncta
304 1593 526 1647 superflua,
562 1606 657 1634 cum
684 1606 756 1647 pro
791 1594 867 1635 hac
894 1593 1137 1635 transitoria
1163 1593 1253 1635 uita
1286 1596 1526 1647 contempta
1552 1593 1650 1643 sint,

122 1677 227 1717 quae
260 1664 320 1704 illi
350 1665 512 1705 fuerant
545 1665 794 1706 necessaria.

179 1735 325 1788 Neque
359 1735 468 1777 enim
503 1738 685 1776 amatam
713 1739 899 1777 nostram
934 1736 1046 1778 sicut
1077 1736 1140 1777 illi
1174 1749 1308 1786 suam,
1337 1738 1383 1777 ut
1414 1738 1649 1787 teneamus,

120 1807 393 1860 expoliamus,
433 1807 507 1848 sed
544 1806 606 1847 illi
646 1811 834 1848 aeternae
874 1807 1166 1861 adipiscendae
1204 1808 1330 1849 istam
1374 1808 1649 1861 temporalem

120 1879 238 1919 uelut
270 1878 470 1919 famulam
498 1878 795 1932 expeditiorem
829 1879 986 1920 seruire
1012 1879 1206 1929 facimus,
1235 1879 1270 1920 si
1303 1892 1393 1920 eam
1426 1891 1501 1920 nee.
1534 1892 1648 1920 orna-

119 1952 351 1991 mentorum
387 1962 588 1991 uauorum
623 1950 805 1991 uinculis
840 1951 1065 2005 alligemus
1100 1964 1173 1992 nec
1208 1963 1401 1992 curarum
1434 1950 1647 1992 noxiarum

170 2078 182 2110 1
215 2077 371 2122 omniaq:
400 2080 567 2111 amantur
592 2078 618 2111 I
689 2079 744 2122 ut]
774 2080 810 2112 et
836 2077 915 2112 ΗΡ
999 2081 1081 2123 post
1108 2089 1184 2120 om„
1214 2090 1258 2115 m.
1286 2081 1305 2112 1
1331 2079 1415 2114 add.
1443 2078 1492 2113 P¹
1519 2088 1581 2122 pos
1609 2077 1651 2111 H

119 2137 138 2169 2
164 2147 274 2169 nonu
302 2136 391 2180 (fuit
417 2142 476 2178 on)
504 2136 545 2170 H
635 2137 656 2170 3
683 2136 778 2182 apud
803 2136 905 2171 illum
932 2139 1020 2181 (ras.
1048 2141 1079 2172 et
1106 2148 1195 2172 corr.
1223 2148 1267 2172 ea:
1292 2137 1394 2180 illud)
1423 2141 1478 2172 est
1504 2138 1529 2172 I
1553 2137 1649 2183 apud

118 2199 172 2229 est
199 2195 299 2229 illum
321 2197 471 2240 punctis
497 2206 588 2230 corr.
616 2196 660 2230 M
687 2196 783 2242 apud
809 2197 910 2231 illum
937 2200 1018 2241 (om.
1048 2200 1116 2240 est)
1141 2197 1178 2231 P
1261 2199 1282 2231 6
1308 2197 1414 2232 huius
1442 2198 1539 2231 uitae
1566 2197 1646 2232 edd.

119 2255 136 2288 7
165 2254 340 2288 dederunt
367 2260 478 2299 (post.
501 2255 583 2290 din
610 2267 682 2290 ras.
710 2267 754 2290 m.
782 2259 821 2291 ut
847 2256 924 2291 uid.
950 2257 1132 2299 1;suitne
1158 2256 1217 2299 13)
1236 2257 1280 2290 Η
1355 2257 1529 2302 omniaq;,
1556 2268 1599 2291 m.
1623 2259 1650 2290 2

118 2313 235 2347 omnia
261 2325 352 2359 quae
379 2315 404 2348 Ι
455 2314 475 2349 8
502 2314 699 2360 ornandae}
729 2315 946 2360 optinendae
973 2315 1023 2349 Ρ2
1103 2327 1225 2350 uerum
1254 2316 1360 2350 etiam
1389 2315 1646 2350 sustentamine

117 2371 271 2406 tuendae
305 2384 385 2416 om,
417 2384 460 2407 m.
496 2377 520 2407 2
554 2373 638 2410 add.
667 2374 693 2408 I
834 2374 1040 2418 sustendae,
1074 2387 1115 2409 m.
1144 2377 1164 2409 1
1189 2385 1281 2410 corr.
1314 2373 1574 2409 sustentandae
1602 2374 1651 2408 M

117 2431 137 2464 9
164 2429 357 2464 seruabant
384 2433 493 2475 (post.
521 2442 541 2464 a
567 2443 610 2466 ex
636 2435 722 2468 ras.)
750 2433 784 2466 P
808 2432 1005 2467 seruabunt
1030 2433 1074 2467 H
1147 2434 1185 2467 11
1216 2434 1411 2473 conferent,
1439 2444 1482 2469 m.
1511 2436 1536 2467 :2
1562 2444 1643 2467 con-

117 2489 251 2524 ferrent
276 2492 297 2524 1
423 2491 464 2525 12
491 2503 551 2525 ne·
572 2494 605 2534 (c
630 2494 738 2535 eras.)
765 2491 812 2526 P¹
838 2503 902 2526 nec
928 2493 986 2527 IA
1109 2493 1231 2527 hostes
1258 2493 1296 2527 E
1317 2492 1434 2527 hostis
1462 2495 1592 2536 (postr.
1622 2492 1644 2527 l.

117 2559 159 2582 m.
188 2551 213 2582 2
237 2549 277 2583 in
305 2559 377 2584 ras.
406 2552 431 2584 2
459 2551 495 2593 l.)
522 2551 569 2584 Μ
681 2551 862 2585 auferrent
889 2552 960 2586 EC
1080 2552 1123 2586 14
1149 2553 1228 2598 ipsa
1254 2551 1278 2586 I
1396 2552 1584 2596 periissent
1611 2563 1647 2585 m

164 2608 309 2642 condita
335 2609 411 2643 ΗΡ
510 2611 552 2644 15
578 2609 813 2655 perdiderunt
839 2611 954 2654 HPE
1058 2612 1156 2646 illam
1184 2611 1252 2646 PG
1350 2612 1390 2646 17
1419 2611 1584 2656 perdidei·
1617 2612 1647 2641 (ι’

115 2666 347 2710 perdiderunt
375 2668 487 2703 HPE
602 2670 643 2703 18
671 2673 818 2714 propter
844 2682 885 2704 ea
914 2671 938 2704 I
962 2674 1154 2716 propterea
1181 2669 1400 2705 ΡῑΜΑζῬ2
1518 2671 1558 2703 19
1590 2669 1646 2703 hic

115 2735 161 2758 m.
187 2727 212 2759 2
237 2725 303 2760 hac
330 2726 354 2759 I
425 2728 469 2761 22
497 2728 732 2773 expoliamus]
760 2728 823 2763 sed
850 2729 1070 2774 expoliamus
1096 2729 1172 2773 (sed
1201 2730 1282 2771 del.)
1309 2730 1345 2763 ΙΙ
1370 2730 1587 2774 expolieinns
1613 2729 1648 2762 lu'

115 2784 159 2817 23
188 2785 415 2829 expeditione
443 2786 523 2820 MA
623 2786 672 2821 si*
694 2790 726 2830 (c
754 2788 889 2826 er(1.5..'³)
916 2788 966 2822 1²2
