1952 3118
47 986 100 1024 '¹0

70 1340 101 1366 15

70 1695 104 1722 20

71 2049 106 2075 85

614 200 968 245 epistularum
1010 199 1162 235 CLXIV.
1566 202 1651 243 523

124 329 276 372 etenim
308 331 406 382 post
438 331 626 383 tempora
657 328 746 370 Noe
787 329 921 370 multa
960 329 1077 371 milia
1115 332 1179 371 tot
1211 330 1401 384 gentium
1434 342 1569 383 usque
1603 329 1653 370 ad

122 400 360 454 passionem
406 399 562 441 Christi
612 402 776 441 mortua
829 403 940 449 sunt,
993 413 1098 454 quae
1147 401 1287 453 potuit
1337 400 1447 454 apud
1498 400 1653 442 inferos

122 471 321 521 inuenire,
366 483 445 512 11011
492 471 637 524 utique
683 483 840 522 eorum,
885 472 956 525 qui
995 472 1035 512 in
1076 472 1198 513 deum
1246 472 1505 513 crediderant
1543 471 1654 513 sicut

123 542 349 596 prophetae
388 546 430 583 et
468 541 726 595 patriarchae
764 542 814 583 de
854 542 983 595 stirpe
1021 542 1225 592 Abrahae,
1266 543 1377 584 sicut
1414 543 1504 596 ipse
1543 545 1652 584 retro

123 612 212 654 Noe
251 616 293 654 et
331 615 420 654 tota
463 612 613 654 domus
659 613 764 663 eius,
811 625 916 666 quae
962 612 1080 654 salua
1123 614 1234 655 facta
1278 616 1343 654 est
1386 627 1459 667 per
1502 627 1653 667 aquam

125 686 294 736 excepto
333 683 527 725 fortassis
566 696 648 725 uno
686 683 787 731 filio.¹
834 683 904 736 qui
943 686 1090 737 postea
1127 684 1375 737 reprobatus
1421 686 1498 734 est,
1544 685 1655 726 sicut

124 754 248 795 etiam
281 757 444 808 praeter
475 755 717 809 progeniem
750 755 873 796 Iacob
908 755 978 796 alii
1011 755 1181 797 suerunt
1214 755 1428 809 credentes
1455 755 1496 797 in
1529 756 1652 798 deum

125 825 234 867 sicut
270 825 359 875 Iob,
399 826 510 868 sicut
548 826 699 868 ciuitas
738 825 900 868 Nineue
940 828 982 868 et
1020 826 1056 867 si
1096 826 1167 880 qui
1206 826 1276 868 alii
1316 829 1428 875 sunt,
1475 827 1545 879 qui
1584 827 1653 868 uel

124 899 323 950 apparent
348 897 387 938 in
417 897 636 952 scripturis
664 897 732 939 uel
760 897 799 938 in
834 910 984 952 genere
1011 897 1192 938 humano
1226 898 1372 948 latent,
1406 898 1480 939 sed
1512 910 1653 939 eorum

125 967 217 1009 dico
248 968 383 1009 multa
409 968 526 1009 milia
551 968 781 1020 hominum,
815 969 886 1022 qui
913 969 1037 1010 deum
1065 969 1305 1023 ignorantes
1333 971 1375 1010 et
1401 969 1654 1010 daemonum

123 1039 193 1080 uel
229 1038 551 1080 simulacrorum
591 1040 726 1081 cultui
765 1039 895 1080 dediti
934 1052 957 1080 a
994 1040 1256 1093 temporibus
1294 1040 1384 1082 Noe
1429 1052 1565 1093 usque
1604 1039 1654 1080 ad

125 1109 363 1164 passionem
399 1110 556 1153 Christi
590 1124 636 1152 ex
668 1111 746 1152 hac
779 1110 868 1152 uita
901 1110 1173 1165 emigrarunt,
1214 1124 1317 1164 quos
1357 1111 1468 1164 apud
1499 1111 1654 1152 inferos

127 1180 317 1223 Christus
356 1181 572 1222 inueniens
613 1193 694 1234 quo
734 1181 857 1222 modo
896 1181 982 1222 illis
1021 1194 1100 1222 11011
1140 1181 1411 1235 praedicauit,
1457 1181 1530 1222 sed
1567 1181 1653 1222 illis

125 1253 301 1301 tantum,
337 1253 408 1306 qui
434 1252 474 1293 in
503 1252 650 1294 diebus
677 1252 767 1294 Noe
800 1252 1004 1294 increduli
1035 1252 1219 1303 suerunt,
1253 1266 1349 1294 cum
1381 1252 1656 1294 fabricaretur

127 1325 246 1364 arca?
280 1326 353 1364 aut
379 1323 414 1365 si
442 1324 636 1365 omnibus
668 1323 942 1377 praedicauit,
976 1336 1050 1366 cur
1081 1324 1178 1366 illos
1212 1325 1324 1366 solos
1358 1324 1511 1365 Petrus
1545 1336 1654 1366 com-

127 1394 376 1435 memorauit
407 1394 702 1448 praetermissa
736 1394 1007 1436 multitudine
1039 1396 1126 1436 tam
1165 1395 1460 1436 innumerabili
1499 1397 1654 1437 cetero-

127 1467 249 1506 rum‘?

184 1536 238 1578 Et
263 1536 479 1579 dominum
512 1537 679 1592 quidem
709 1550 828 1579 carne
856 1537 1155 1579 mortificatum
1183 1537 1352 1578 uenisse
1379 1537 1418 1577 in
1446 1536 1654 1578 infernum

128 1607 229 1650 satis
268 1610 446 1651 constat.
492 1622 625 1662 neque
671 1609 780 1650 enim
827 1608 1055 1650 contradici
1099 1610 1238 1662 potest
1284 1609 1353 1649 uel
1396 1607 1654 1661 prophetiae,

130 1692 233 1733 quae
265 1679 386 1722 dixit:
423 1679 663 1731 Quoniam
699 1693 789 1722 11011
824 1680 1145 1734 derelinques
1180 1679 1388 1720 animam
1423 1691 1576 1720 meam
1608 1678 1655 1719 111

129 1750 333 1802 inferno,
373 1751 482 1805 quod
517 1764 567 1793 ne
601 1752 724 1793 aliter
756 1752 979 1805 quisquam
1013 1764 1158 1805 sapere
1191 1751 1376 1799 auderet,
1417 1750 1457 1791 in
1491 1749 1655 1791 actibus

130 1822 412 1876 apostolorum
457 1823 569 1865 idem
613 1823 764 1864 Petrus
818 1823 997 1876 exponit,
1049 1824 1119 1864 uel
1170 1822 1359 1864 eiusdem
1404 1821 1518 1862 Petri
1569 1820 1654 1861 illis

130 1893 282 1943 uerbis,
309 1893 463 1948 quibus
491 1907 587 1935 eum
614 1894 771 1935 adserit
797 1894 978 1936 soluisse
1005 1894 1152 1935 inferni
1179 1893 1358 1941 dolores,
1393 1893 1440 1933 111
1476 1891 1655 1945 quibus

130 1964 432 2017 inpossibile
469 1968 573 2006 erat
606 1978 714 2006 eum
747 1965 921 2006 teneri.
955 1965 1048 2019 quis
1082 1977 1180 2018 ergo
1207 1964 1288 2005 nisi
1320 1963 1501 2004 infidelis
1534 1974 1657 2016 nega-

130 2036 236 2077 uerit
274 2036 406 2077 fuisse
446 2036 558 2090 apud
602 2036 756 2077 inferos
798 2035 1039 2078 Christum?
1088 2035 1199 2089 quod
1246 2035 1281 2076 si
1327 2036 1486 2075 mouet.
1533 2045 1656 2086 quem

130 2107 179 2148 ad
211 2108 383 2150 modum
415 2107 706 2161 accipiendum
746 2107 802 2148 sit
834 2107 980 2148 inferni
1014 2107 1064 2148 ab
1098 2107 1171 2148 illo
1206 2107 1370 2148 solutos
1404 2105 1568 2146 dolores
1602 2128 1658 2132 ——

246 2244 292 2278 20
317 2244 375 2278 Ps.
405 2244 461 2286 15,
490 2243 548 2283 10;
577 2243 657 2277 Act.
685 2241 718 2278 2.
745 2242 788 2276 27
864 2243 909 2276 23
936 2242 1014 2276 Act.
1042 2242 1075 2284 2,
1101 2242 1147 2276 24

178 2328 199 2362 2
224 2329 374 2366 mortue,
401 2338 445 2361 m.
474 2328 498 2360 2
524 2328 664 2360 mortua.
691 2325 726 2358 P
862 2335 950 2369 quos
977 2324 1012 2357 P
1130 2326 1151 2359 4
1179 2323 1222 2358 de
1249 2324 1359 2369 stirpe
1386 2324 1552 2358 Abrahae
1578 2334 1658 2359 om..

132 2396 175 2421 m.
204 2389 220 2419 1
245 2385 292 2430 (Ρ)
320 2385 406 2420 add.
437 2384 466 2418 C
562 2386 655 2419 sicut
684 2387 719 2417 et
746 2383 822 2427 ipse
841 2383 876 2416 P
940 2386 961 2417 ὅ
988 2382 1094 2416 ill'lob
1124 2386 1212 2424 (ras,
1241 2385 1335 2416 1-2
1361 2382 1397 2425 Ζ.)
1427 2382 1460 2415 P
1527 2382 1567 2416 11
1597 2382 1657 2416 ‹le-

132 2444 211 2487 biti,
237 2456 327 2479 corr.
355 2444 468 2479 dediti
499 2445 528 2478 C
666 2444 699 2487 a]
728 2443 781 2477 ita
806 2443 886 2476 MA
913 2442 965 2476 ita
991 2453 1010 2476 a
1035 2442 1076 2476 AV
1197 2442 1238 2476 12
1267 2453 1366 2486 quos.
1392 2441 1455 2475 sed
1480 2453 1494 2474 s
1524 2442 1559 2474 in
1586 2452 1658 2474 ras.

133 2505 191 2548 (m.
220 2507 237 2538 1
262 2506 296 2546 y)
327 2504 356 2538 C
380 2503 474 2549 quod
501 2503 539 2537 F
659 2503 700 2536 15
727 2501 943 2535 hominibus.
971 2512 1014 2534 m.
1043 2503 1067 2534 2
1093 2501 1257 2535 omnibus
1287 2501 1319 2535 G
1431 2500 1538 2542 solus,
1564 2511 1608 2535 m.
1636 2502 1661 2532 2

114 2563 226 2597 ·s010s
256 2563 288 2598 G
364 2563 406 2597 16
433 2566 631 2596 ceterorum
659 2564 731 2595 tam
760 2560 1014 2594 innumerabili
1032 2559 1074 2594 N
1147 2560 1188 2594 18
1216 2560 1371 2604 uenisse]
1401 2570 1440 2593 ac
1467 2559 1607 2592 uenisse
1628 2559 1663 2592 P

135 2623 179 2657 20
205 2623 309 2668 quae]
338 2634 370 2667 q,
397 2633 512 2666 supra
537 2622 577 2655 in
604 2632 675 2655 ras.
703 2631 748 2654 m.
776 2622 801 2654 2
828 2633 845 2665 ⁴3
875 2619 906 2651 G
1041 2618 1260 2664 derelinquis
1287 2620 1317 2653 A
1461 2618 1495 2651 in
1523 2617 1658 2650 inferno

137 2682 287 2716 animam
308 2691 423 2716 meam
450 2680 520 2715 PG
620 2681 661 2714 21
693 2679 823 2724 quodq.
850 2689 894 2712 ne
926 2677 958 2711 G
1061 2679 1107 2712 22
1136 2679 1191 2712 uel
1218 2678 1376 2712 eiusdem
1406 2676 1502 2710 Petri
1529 2687 1595 2710 om.
1623 2675 1664 2709 N

182 2741 254 2775 illis
280 2751 346 2774 om.
374 2740 410 2774 P
515 2740 560 2774 23
586 2750 695 2784 super
722 2738 840 2772 uerbis
866 2748 910 2771 m.
939 2738 964 2771 2
990 2737 1181 2782 exponitur
1210 2736 1241 2770 G
1342 2734 1490 2778 adserit]
1520 2746 1539 2768 a
1566 2746 1602 2768 se
1630 2734 1665 2768 P

136 2799 180 2833 25
206 2800 338 2846 mouet]
365 2802 485 2832 mouet
513 2799 668 2843 aliquem
695 2798 730 2831 P
