1952 3118
685 146 1040 191 epistularum
1080 145 1206 181 CLIII.
1616 146 1703 186 399

170 288 334 316 summa
359 278 548 328 potestas
576 278 654 325 est,
689 275 759 328 qui
787 288 865 316 non
893 278 1073 324 tantuin,
1101 275 1237 328 qualis
1265 274 1443 328 quisque
1471 274 1540 323 sit,
1568 273 1699 321 uidet,

167 359 313 388 uerum
352 347 492 396 etiam,
532 346 669 400 qualis
708 346 876 387 futurus
916 347 987 395 sit,
1027 346 1258 400 piaeuidet,
1299 347 1371 400 qui
1410 346 1526 388 solus
1559 347 1702 399 potest

166 417 206 458 in
243 417 465 459 iudicando
504 430 583 459 non
622 417 721 466 labi,
761 417 859 469 quia
890 417 930 458 in
965 417 1255 471 cognoscendo
1296 431 1374 459 non
1417 418 1559 470 potest
1595 415 1703 466 falli,

166 487 290 529 faeiat
325 490 480 538 tamen,
521 488 634 529 sicut
666 488 933 542 euangelium
968 488 1168 542 loquitur,
1211 488 1364 530 solem
1399 501 1541 529 suuni
1576 486 1696 529 oriri

123 571 139 597 ⁵
166 571 313 612 super
338 559 491 600 bonos
519 562 565 600 et
591 559 747 600 malos
776 560 824 601 et
849 559 983 612 pluit
1011 572 1159 612 super
1186 559 1349 600 iustos
1379 561 1427 600 et
1459 558 1694 600 iniustos.

164 629 284 671 cuius
311 630 516 671 mirabilis
543 630 743 671 bonitatis
771 632 819 671 ut
839 630 972 671 simus
1000 629 1250 679 imitatores,
1279 629 1474 671 dominns
1503 628 1700 671 Christus

163 700 401 742 exhortans:
434 700 662 755 Diligite,
697 700 847 754 inquit,
888 700 1120 741 inimicos
1161 702 1376 749 uestros,
1410 699 1699 741 benefacite

163 772 247 821 eis,
287 772 371 825 qui
410 784 498 813 uos
537 771 758 821 oderunt,
806 774 853 813 et
892 774 1028 813 orate
1071 784 1154 824 pro
1195 771 1279 821 eis,
1326 770 1410 824 qui
1455 783 1541 813 uos
1592 784 1698 823 per-

162 845 451 896 sequuntur,
499 845 552 884 ut
590 843 706 884 sitis
746 842 845 883 filii
890 842 1050 896 patris
1097 841 1270 890 uestri,
1318 841 1401 895 qui
1444 842 1490 882 in
1537 842 1697 884 caelis

103 927 136 953 ιο
162 916 250 964 est,
285 913 368 967 qui
401 913 524 955 facit
556 915 711 955 solem
752 926 893 955 suum
927 913 1045 954 oriri
1086 926 1234 967 super
1266 913 1422 954 bonos
1457 915 1505 954 et
1536 913 1691 955 malos

161 987 207 1024 et
249 984 384 1038 pluit
429 998 576 1039 super
619 985 783 1026 iustos
830 986 877 1026 et
922 985 1157 1026 iniustos.
1207 985 1284 1026 hac
1335 984 1600 1039 indulgentia
1651 988 1692 1026 et

155 1055 328 1097 lenitate
361 1055 504 1097 diuina
536 1056 693 1098 multos
726 1056 843 1097 abuti
877 1056 927 1097 ad
960 1056 1188 1109 perniciem
1222 1069 1342 1097 suam
1375 1055 1470 1109 quis
1503 1056 1692 1097 neseiat?

158 1139 261 1178 quos
289 1139 467 1181 arguens
496 1127 715 1180 apostolus
743 1129 784 1167 et
811 1126 998 1180 grauiter
1023 1127 1241 1180 increpans
1269 1126 1391 1168 dicit:
1419 1126 1691 1168 Existimas

158 1199 334 1247 autem,
362 1211 384 1239 o
412 1198 553 1239 homo
581 1198 751 1249 omnis,
786 1198 867 1251 qui
902 1198 1099 1240 iudicas
1128 1211 1224 1247 eos,
1260 1199 1342 1251 qui
1371 1198 1496 1239 talia
1522 1202 1691 1253 agunt,

99 1284 131 1311 ιε
156 1271 202 1310 et
244 1268 369 1310 facis
415 1282 480 1318 ea,
534 1269 762 1323 quoniam
813 1271 865 1310 tu
917 1269 1135 1323 effugies
1188 1269 1433 1310 iudicium
1481 1270 1586 1311 dei‘?
1632 1282 1690 1311 an

154 1339 363 1381 diuitias
402 1340 739 1394 benignitatis
779 1339 884 1381 eius
920 1343 967 1381 et
999 1339 1277 1393 patientiae
1311 1342 1359 1381 et
1392 1340 1684 1394 longanimi-

270 1513 291 1547 2
318 1513 374 1547 ΡΞ.
406 1513 483 1557 138,
510 1514 533 1547 4
604 1514 642 1554 43
671 1514 691 1547 7
719 1513 848 1550 Mattli.
877 1516 908 1555 5,
937 1514 1079 1548 44—45
1156 1514 1198 1548 13
1226 1514 1327 1548 Rom.
1355 1515 1388 1553 2,
1416 1514 1508 1548 3—6

201 1618 215 1651 1
246 1617 363 1662 qualis
390 1618 556 1663 quisque]
587 1618 857 1663 qualiscumque
883 1618 917 1652 L
1025 1619 1154 1663 qualis]
1183 1630 1270 1664 quas
1298 1630 1377 1653 cnm
1406 1630 1479 1653 rus.
1506 1630 1623 1663 supra
1650 1630 1687 1652 as

153 1680 184 1710 et
202 1680 342 1720 puncto
369 1679 425 1719 (m.
455 1679 492 1719 22)
520 1677 627 1721 infra
653 1677 689 1711 P
821 1679 841 1712 3
868 1678 942 1712 labi
970 1689 1035 1712 om.
1063 1679 1186 1722 spatio
1216 1680 1314 1712 '7-8
1340 1679 1361 1713 l.
1390 1679 1523 1718 relicto,
1551 1678 1592 1712 in
1617 1688 1687 1722 quo

153 1746 185 1769 a.
212 1747 256 1770 m.
281 1736 456 1779 scriptum
481 1740 531 1770 est
557 1736 634 1770 falli
655 1735 707 1770 Ρ2
730 1737 815 1777 lani,
842 1748 886 1771 m.
909 1739 935 1771 2
960 1737 1034 1771 labi
1055 1737 1088 1771 L
1161 1737 1238 1772 falli
1265 1748 1334 1772 non
1364 1740 1485 1782 potest
1511 1736 1543 1771 U
1590 1737 1612 1770 4
1632 1736 1682 1770 fa-

153 1795 224 1829 ciat
255 1797 363 1839 (post.
398 1807 418 1828 a
450 1798 543 1839 emp.)
578 1794 626 1829 Pl
658 1795 776 1832 facifft.
803 1807 848 1830 m.
877 1799 902 1830 2
935 1796 1047 1831 faciat-
1079 1796 1109 1831 S
1138 1796 1232 1831 facia
1263 1797 1298 1830 P
1328 1797 1418 1831 facit
1455 1796 1574 1831 UP³L
1605 1796 1684 1830 edd.

195 1854 375 1899 loquiaetur
402 1854 443 1888 H
519 1855 621 1895 orire,
649 1866 693 1889 m.
722 1857 747 1888 :2
772 1855 855 1889 oriri
876 1855 966 1889 HJJ
1025 1857 1045 1889 ἴ)
1068 1856 1161 1900 pluit
1186 1858 1222 1900 (a
1246 1866 1356 1900 super
1380 1856 1391 1890 i
1419 1867 1463 1890 m.
1483 1858 1509 1890 2
1536 1855 1636 1896 add.)
1659 1855 1689 1890 S

150 1913 254 1958 pluit,
271 1925 316 1947 m.
339 1917 362 1947 3
383 1912 431 1957 (9)
452 1924 540 1948 corr.
563 1914 664 1958 pluat
693 1914 724 1946 V
748 1914 850 1960 pluat
870 1913 1065 1958 P2}[][A;
1091 1916 1135 1959 ef.
1163 1926 1216 1960 ep.
1238 1915 1505 1950 LXXXVIII
1523 1926 1564 1960 p.
1594 1917 1685 1956 408,

150 1975 308 2013 10-12,·
343 1972 537 2008 CLXVII
564 1975 611 2007 15
642 1973 751 2015 med.;
788 1973 970 2009 CCXXX
1005 1976 1026 2008 5
1057 1976 1108 2008 in.
1239 1975 1346 2016 iusto,
1375 1986 1419 2010 m.
1448 1977 1473 2008 2
1504 1975 1619 2009 iustos
1651 1974 1687 2008 P

151 2033 172 2066 6
197 2032 501 2066 οιιίιιεήἰῐιίαεῒοῡ
528 2033 568 2066 in
587 2033 667 2077 fine
686 2044 774 2077 paq.
803 2044 869 2068 om.
897 2033 945 2067 M
1087 2034 1195 2068 huius
1221 2033 1255 2067 L
1379 2033 1558 2078 Christus]
1586 2033 1683 2067 iesus

152 2090 304 2124 christus
336 2089 370 2124 U
458 2091 477 2124 7
505 2091 711 2125 ss'ssfslortans
737 2091 772 2125 L
798 2094 834 2125 et
861 2095 1028 2126 exortans
1054 2090 1103 2126 Ρ1
1131 2095 1181 2134 (et
1207 2103 1251 2126 m.
1281 2094 1306 2126 2
1332 2092 1414 2134 del.)
1443 2091 1473 2127 S
1495 2094 1554 2136 (m.
1582 2095 1608 2126 2
1633 2092 1685 2126 ait

151 2152 328 2187 exortans>
464 2149 587 2195 dilige,
616 2162 649 2184 ιι.
676 2163 720 2184 m.
749 2150 893 2195 diligite
920 2151 970 2185 Ρ2
1098 2151 1260 2185 inimicos
1288 2155 1427 2186 uestros
1453 2151 1573 2197 inquit
1598 2151 1684 2185 PP*

150 2207 280 2253 (inquit
304 2220 331 2242 s.
359 2220 395 2243 u.
422 2220 467 2243 m.
494 2212 526 2252 1)
600 2210 719 2255 inquit
746 2221 813 2244 om.
840 2210 887 2244 Ρ1
916 2213 973 2254 (m.
1004 2213 1029 2243 2
1056 2210 1157 2254 add.)
1183 2211 1253 2245 SV
1298 2212 1318 2246 8
1340 2211 1396 2245 his
1417 2212 1452 2245 A
1476 2221 1543 2245 sec.
1579 2210 1681 2255 Vulq.

198 2267 348 2307 oderint,
377 2280 420 2303 m.
448 2271 467 2302 1
492 2267 538 2308 (?)
566 2280 657 2303 corr.
685 2269 838 2304 oderunt
863 2271 891 2304 S
966 2274 1002 2304 et
1029 2281 1095 2304 om.
1116 2270 1149 2303 L
1201 2271 1244 2305 10
1263 2271 1347 2304 oriri
1374 2270 1485 2304 solem
1511 2281 1613 2304 suum
1633 2270 1683 2304 1³2

198 2327 312 2361 solum
339 2327 386 2361 1³¹
413 2330 472 2371 (m.
499 2331 517 2361 1
544 2339 635 2362 corr.
663 2328 789 2373 solem)
819 2328 861 2362 II
884 2337 940 2371 (m.
970 2332 995 2363 2
1021 2329 1146 2372 solem)
1245 2329 1336 2364 orire
1367 2329 1407 2362 H
1501 2329 1541 2364 11
1571 2329 1681 2374 pluet,

151 2395 194 2420 m.
221 2387 245 2419 2
270 2386 364 2431 pluit
390 2387 431 2420 H
552 2387 638 2421 ham
663 2388 710 2421 1³¹
834 2388 1063 2430 indulgentia
1090 2388 1138 2433 et]
1167 2388 1396 2433 indulgentia
1422 2400 1462 2422 ex
1489 2388 1537 2421 P*
1562 2387 1680 2422 indul-

151 2444 250 2487 genti
275 2446 309 2479 A
410 2447 452 2480 12
480 2445 524 2480 ad
552 2446 745 2491 perniciem
773 2448 888 2491 suain}
919 2450 958 2481 ut
985 2447 1164 2491 perniciae
1191 2458 1289 2481 suam
1317 2447 1351 2481 L
1449 2447 1588 2482 nesciat
1614 2447 1680 2489 (iat

150 2512 192 2537 ex
215 2514 306 2538 corr.
332 2516 376 2539 m.
403 2506 442 2547 2)
467 2505 503 2539 P
527 2505 641 2539 nescit
669 2505 788 2540 ΗΜΛ
866 2506 907 2539 14
934 2509 1053 2540 autem
1081 2517 1147 2541 om.
1175 2505 1295 2541 P¹SV
1389 2506 1504 2540 omnis
1532 2517 1605 2540 ras.
1633 2517 1676 2540 es:

150 2560 302 2597 hominis
330 2563 358 2598 S
453 2563 616 2598 iudicans
642 2567 678 2607 (n
705 2564 788 2607 del.)
806 2564 856 2598 M
930 2566 971 2598 15
1000 2564 1110 2599 facies
1137 2568 1170 2606 (e
1197 2569 1292 2609 exp.)
1321 2576 1361 2599 ea
1381 2564 1415 2598 L
1442 2564 1563 2599 eadem
1592 2565 1679 2599 facis

149 2619 350 2656 PP²SVP⁴
448 2623 534 2666 quia
558 2622 592 2656 L
616 2634 682 2657 sec.
718 2623 821 2668 ναῖς.
935 2623 1074 2668 effigies
1101 2623 1136 2657 P
1231 2618 1270 2658 di
1292 2624 1317 2666 (i
1345 2635 1435 2663 ras.,·
1454 2624 1576 2667 fuisse
1602 2624 1677 2658 uid.

151 2681 180 2720 s)
204 2679 253 2714 1³¹
329 2681 371 2715 16
399 2681 475 2715 eius
501 2681 740 2726 benignitatis
766 2683 812 2716 Ρι
913 2682 1098 2727 bonitatis,
1121 2682 1155 2717 U
1175 2694 1241 2718 sec.
1276 2683 1380 2726 Vulq.
1491 2683 1678 2728 paeniten-

151 2738 222 2773 tiae
247 2738 277 2774 S
388 2740 697 2785 longanimitates,
724 2753 766 2775 m.
795 2744 820 2775 2
844 2741 1134 2786 longanimitatis
1162 2742 1203 2776 II
1225 2742 1513 2786 longanimitatis
1539 2742 1615 2777 eius
1646 2741 1682 2776 U
