1924 3122
558 183 574 206 e
590 183 611 217 p
626 171 638 206 i
653 183 667 205 s
682 176 698 206 t
712 171 760 205 ul
776 182 795 205 a
809 183 825 205 r
839 182 860 205 u
875 183 909 205 m
948 170 1138 207 CXXXVI.
1177 171 1385 206 CXXXVII.
1671 175 1724 215 97

199 303 324 345 debui
356 315 431 344 nec
463 314 536 354 pro
570 301 769 342 dilatione
802 300 960 353 aliquid
995 301 1274 342 excusationis
1308 314 1530 355 opponere.
1570 301 1725 343 accidit

196 375 305 416 enim
351 376 596 427 opportune,
641 374 689 413 ut
733 372 781 413 ab
834 371 980 413 alienis
1032 372 1211 426 negotiis
1262 372 1364 414 mihi
1417 373 1724 426 aliquantulum

195 448 376 487 uacaret.
411 445 564 498 quibus
604 446 745 485 autem
785 442 992 484 dictandis
1033 443 1110 485 hoc
1149 443 1281 485 otium
1317 446 1546 485 statueram
1583 444 1725 497 inpen-

196 517 303 558 dere.
336 515 556 570 paululum
590 514 737 556 distuli
769 526 1035 567 nequaquam
1066 514 1228 555 iustum
1263 527 1355 555 esse
1389 515 1629 565 arbitratus,
1663 518 1723 566 ut,

163 600 321 641 oquem
355 586 405 627 ad
439 585 721 639 quaerendum
755 584 996 626 exhortatus
1029 584 1120 638 ipse
1154 584 1327 634 fueram,
1362 584 1567 626 differrem
1603 598 1725 638 quae-

135 957 167 982 lo

193 662 363 701 rentem.
391 658 484 711 quis
512 659 650 698 autem
677 658 882 706 nostrum,
911 655 983 709 qui
1011 655 1180 706 Cin-isti,
1209 658 1256 697 ut
1281 668 1524 710 possumus,
1548 656 1725 709 gratiam

194 731 498 772 ministramus.
532 741 627 769 cum
661 729 736 768 tua
766 727 895 768 uerba
926 726 1090 781 legerit,
1123 727 1183 768 ita
1219 729 1261 768 te
1299 727 1405 768 uelit
1447 727 1633 768 doctrina
1665 728 1725 768 in-

194 801 300 844 strui
333 800 583 849 Christiana,
616 801 663 840 ut
695 798 773 840 tibi
804 801 967 840 tantum
995 798 1181 840 sufficiat
1206 798 1257 839 ad
1284 798 1464 840 salutem
1492 811 1571 840 non
1598 798 1724 840 huius

193 873 320 914 uitae.
355 884 478 924 quam
512 870 679 923 uaporis
719 882 811 911 esse
851 869 1113 910 simillimam
1151 869 1367 911 tantillum
1408 870 1645 923 apparentis
1685 872 1725 911 et

194 943 291 984 ilico
337 942 603 983 uanescentis
654 942 779 993 atque
828 940 1043 993 pereuntis
1095 952 1231 982 sermo
1284 940 1452 982 diuinus
1504 940 1724 982 admonere

195 1014 372 1063 curauit,
407 1013 481 1054 sed
510 1012 627 1053 illam
667 1011 859 1062 salutem,
892 1013 1064 1066 propter
1101 1024 1224 1064 quam
1265 1011 1577 1065 adipiscendam
1612 1014 1653 1053 et
1684 1011 1724 1052 in

195 1087 408 1127 aeternum
442 1083 709 1125 obtinendam
739 1082 965 1125 Christiani
998 1085 1173 1124 sumus?
1205 1095 1351 1136 parum
1382 1084 1446 1125 est
1472 1095 1569 1138 ergo
1603 1082 1724 1124 nobis

195 1157 255 1198 sic
288 1159 328 1197 te
360 1155 527 1197 instrui.
560 1157 608 1196 ut
638 1154 715 1195 tibi
750 1154 806 1196 sit
842 1154 1054 1196 liberando
1094 1154 1209 1196 satis.
1247 1154 1463 1208 ingenium
1498 1153 1651 1208 quippe
1685 1156 1725 1195 et

193 1227 405 1280 eloquium
450 1229 569 1267 tuum
616 1228 702 1266 tam
746 1225 951 1267 excellens
995 1228 1166 1279 tamque
1210 1225 1474 1267 luculentum
1524 1225 1724 1279 prodesse

151 1313 166 1336 5
194 1298 317 1339 debet
356 1297 481 1338 etiam
522 1296 686 1345 ceteris,
726 1298 870 1337 contra
908 1308 1084 1349 quorum
1123 1295 1367 1337 tarditatem
1407 1309 1481 1337 seu
1520 1296 1725 1349 peruersi-

191 1371 322 1410 tatem
356 1367 755 1410 conuenientissime
789 1366 1046 1408 defendenda
1078 1369 1143 1408 est
1178 1369 1320 1408 tantae
1360 1367 1517 1422 gratiae
1561 1366 1724 1421 dispen-

193 1440 315 1491 satio,
361 1452 486 1493 quam
534 1438 736 1492 superbae
781 1438 988 1480 animulae
1032 1438 1153 1479 nihili
1197 1438 1399 1492 pendunt,
1445 1451 1548 1492 quae
1599 1437 1723 1479 nimis

311 1567 331 1601 9
359 1566 430 1602 Iac.
458 1567 490 1609 4,
521 1567 563 1600 15

242 1649 257 1682 1
288 1648 497 1682 dilationem
527 1650 574 1689 (m
603 1647 685 1690 del.)
710 1647 746 1680 B
869 1657 1048 1691 apponere
1074 1646 1110 1682 R
1226 1647 1377 1687 accedit,
1405 1658 1495 1682 corr.
1525 1647 1657 1683 accidit
1686 1649 1726 1682 H

193 1708 343 1742 occurrit
374 1706 455 1741 TP¹
576 1708 596 1741 2
624 1707 704 1740 aliis
733 1706 798 1741 CR
918 1706 1075 1751 negotiis
1102 1718 1168 1742 om.
1195 1707 1230 1740 Α
1345 1708 1567 1752 aliquantum
1601 1707 1721 1742 ΤΗΙΠ

192 1767 212 1801 3
239 1778 403 1801 uacarem
430 1766 465 1799 Β
587 1765 757 1799 dictantis
782 1765 819 1800 R
951 1766 1055 1805 tium,
1081 1777 1126 1801 m.
1154 1768 1173 1799 1
1199 1776 1290 1801 corr.
1319 1767 1431 1800 otium
1462 1766 1495 1800 T
1518 1767 1660 1801 initium
1688 1768 1721 1801 Α

238 1828 446 1860 statueram.
474 1837 519 1859 m.
547 1827 566 1858 1
591 1836 705 1869 supra
734 1824 922 1859 statuerim
957 1824 1007 1858 W
1083 1826 1105 1859 4
1132 1836 1209 1859 esse
1236 1836 1304 1859 om.
1332 1825 1375 1859 H
1468 1826 1662 1860 arbitratur
1689 1828 1719 1859 A

191 1885 343 1919 arbitras
370 1884 408 1918 D
558 1887 599 1918 ut
625 1895 692 1918 om.
724 1883 756 1917 T
780 1885 838 1926 (m.
866 1887 885 1917 1
915 1883 1016 1926 add.)
1049 1883 1337 1919 CWBHRKP¹
1506 1886 1526 1919 5
1554 1896 1659 1930 quam
1689 1886 1722 1919 A

238 1945 314 1988 ipse
336 1943 542 1977 exhortatus
564 1943 607 1976 H
677 1943 899 1987 exhortatus]
924 1943 1131 1984 arbitratus,
1150 1955 1194 1978 m.
1211 1945 1236 1977 2
1255 1954 1369 1988 supra
1392 1947 1528 1978 ortatus
1546 1945 1578 1978 Β
1653 1944 1720 1977 dis-

190 2003 281 2037 ferre
308 2002 524 2037 ΒΠΤΑΚΡι
553 2001 739 2038 deferrem.
759 2013 804 2036 m.
826 2005 851 2036 :2
871 2001 1047 2036 differrem
1069 2002 1113 2036 H
1158 2004 1179 2037 6
1201 2003 1318 2048 gratia
1337 2003 1422 2037 ΒΗ
1444 2006 1502 2045 (m.
1525 2006 1550 2036 2
1569 2003 1722 2047 gratiae)

191 2061 272 2096 RK
341 2061 360 2094 7
387 2061 538 2105 legerist
564 2061 665 2103 (εἰσί)
692 2061 734 2094 K
843 2061 895 2095 ita
922 2063 958 2095 te
985 2062 1089 2096 uellit
1119 2061 1149 2096 C
1173 2062 1198 2096 «l
1224 2062 1334 2107 eras.)
1359 2061 1396 2097 R
1422 2062 1499 2096 uita
1526 2062 1669 2096 reuellit
1696 2062 1721 2096 <l

191 2124 284 2165 erp.)
311 2121 346 2154 Β
421 2120 604 2155 doctrina*
635 2121 664 2154 (J
689 2120 887 2155 doctrinam
922 2121 987 2156 TR
1062 2121 1236 2156 instruere
1264 2121 1305 2155 K
1382 2122 1402 2156 8
1430 2122 1659 2156 christianam
1688 2121 1723 2156 R

237 2184 287 2223 ut,
314 2191 429 2223 supra
455 2184 494 2213 fis
521 2179 555 2212 Β
695 2181 716 2213 9
744 2191 906 2225 uapores,
932 2191 1023 2214 corr.
1052 2181 1194 2225 uaporis
1220 2181 1256 2215 Β
1402 2180 1658 2226 apparentibus
1694 2181 1724 2214 T

194 2239 235 2273 10
267 2239 506 2278 uanascentis,
538 2250 582 2273 m.
616 2241 635 2273 1
666 2250 758 2273 corr.
792 2239 1020 2273 uanescentis
1061 2239 1109 2274 W
1136 2239 1366 2274 banescentis
1399 2239 1441 2273 K
1476 2246 1720 2274 uaneseentes.

190 2308 235 2331 m.
262 2300 279 2331 1
305 2307 395 2332 corr.
422 2299 649 2332 uanescentis
674 2297 710 2332 R
737 2298 984 2332 euanescentis
1015 2298 1045 2332 C
1162 2299 1359 2343 pereuntis,
1384 2299 1425 2333 in
1452 2310 1564 2343 mary.
1591 2310 1635 2332 m.
1664 2300 1682 2331 1
1706 2298 1719 2332 -1

191 2357 331 2400 periens
363 2356 414 2390 W
434 2357 610 2401 perennis,
638 2368 682 2391 m.
711 2360 734 2391 3
761 2357 945 2402 pereuntis
971 2357 1015 2391 H
1145 2369 1273 2400 sermo,
1299 2369 1343 2392 m.
1371 2360 1397 2393 2
1423 2358 1517 2403 quod
1545 2369 1659 2392 sermo
1687 2358 1720 2391 R

239 2414 398 2449 diuinum
426 2415 468 2449 K
516 2416 555 2450 11
586 2415 697 2456 illam,
724 2427 768 2450 m.
797 2418 822 2450 2
847 2416 890 2450 ad
918 2417 1016 2450 illam
1043 2416 1079 2450 Β
1130 2418 1172 2451 12
1200 2417 1433 2452 obtinendum
1461 2416 1507 2450 P¹
1563 2418 1603 2451 13
1630 2416 1719 2450 Μιν-

190 2473 337 2508 randum
368 2474 432 2508 CR
532 2475 573 2508 14
600 2475 784 2509 luculentu
816 2475 848 2509 T
946 2476 987 2511 15
1015 2475 1136 2518 debet,
1162 2488 1206 2510 m.
1235 2479 1261 2510 2
1286 2476 1415 2511 debeat
1442 2476 1485 2510 II
1612 2476 1719 2509 etiam

191 2543 257 2566 om.
284 2532 327 2566 K
417 2533 458 2566 16
485 2536 609 2577 gratae
642 2534 674 2568 Τ
758 2535 800 2568 17
828 2545 979 2579 superne
1006 2534 1089 2569 DK
1111 2536 1255 2580 superbi
1283 2539 1319 2570 et
1351 2536 1383 2570 Τ
1477 2534 1655 2568 animulae
1684 2540 1718 2567 (u

191 2600 234 2624 ex
257 2601 348 2625 corr.
375 2603 420 2625 m.
451 2594 488 2634 2)
515 2591 556 2625 H
581 2592 761 2626 animulae
792 2593 915 2637 spatio
947 2593 1072 2628 relicto
1099 2604 1166 2627 om.
1194 2594 1235 2628 K
1265 2594 1419 2628 animale
1446 2605 1523 2627 eum
1554 2604 1625 2627 ras.
1652 2592 1719 2625 snb

192 2659 209 2682 e
240 2648 271 2683 T
294 2650 465 2684 animales
485 2651 521 2684 Β
593 2651 696 2685 nihili
727 2655 857 2695 (postr.
886 2652 908 2686 l.
935 2653 975 2686 in
1001 2642 1075 2687 ras.
1102 2665 1146 2687 m.
1175 2656 1206 2696 1)
1233 2653 1395 2698 pendunt
1421 2653 1452 2687 T
1475 2652 1564 2686 nihil
1592 2652 1717 2696 inpen-

192 2705 280 2741 dunt
303 2707 378 2743 DA
404 2709 508 2744 nihili
537 2721 557 2743 u
585 2712 619 2752 (u
642 2710 680 2744 in
706 2711 899 2755 ra8.;s1‹it
925 2716 973 2752 ni)
1001 2710 1164 2756 pendunt
1185 2712 1228 2746 H
1244 2712 1333 2746 nihil
1355 2711 1550 2756 iwendunt
1569 2711 1663 2754 (suit
1684 2722 1718 2744 n·

191 2765 239 2799 M
260 2766 349 2800 nihil
370 2767 620 2812 inpediunt.K
637 2768 728 2803 nihil
749 2770 909 2814 pendunt
933 2770 963 2804 C
981 2769 1070 2804 nihil
1098 2770 1258 2815 pendant
1276 2771 1311 2804 B
1385 2771 1505 2814 nimis]
1534 2770 1648 2803 miuus
1670 2768 1718 2802 Ρι

227 2848 395 2874 ΧΧῚΧΙῙΙΙ
418 2851 494 2881 Aug.
515 2855 585 2876 sect.
610 2851 637 2875 ΙΙ
659 2858 729 2882 par·
750 2853 775 2876 3.
