1924 3122
145 980 176 1004 10

146 1692 181 1715 20

146 2046 180 2071 25

719 191 1070 236 epistularum
1110 190 1211 225 CXL.
1646 193 1727 232 201

205 323 397 365 sensibus
430 322 615 376 corporis
650 321 852 363 adiacent.
882 321 968 362 ullo
1002 321 1261 362 demonstrat
1293 320 1510 375 exemplo?
1544 333 1591 361 an
1626 321 1733 361 forte

205 395 273 435 lux
312 394 464 435 caritas
503 406 580 434 non
621 394 713 434 est?
752 392 849 434 audi
889 392 1128 445 apostolum
1162 392 1408 439 Iohannem3
1450 392 1539 446 ipse
1579 392 1733 446 quippe

205 465 320 506 dixit.
354 464 466 518 quod
503 464 627 506 modo
667 463 1015 505 commemoraui:
1058 463 1313 513 Quoniam
1355 462 1485 504 deus
1525 463 1611 504 lux
1652 466 1735 505 est

205 539 255 577 et
298 536 552 577 tenebrae
598 535 646 576 in
692 547 748 576 eo
795 547 891 576 non
939 537 1063 575 suut
1109 534 1269 576 ullae.
1317 534 1385 587 qui
1426 547 1571 575 rursus
1611 534 1732 576 dicit:

205 607 342 648 Deus
376 607 580 647 caritas
614 608 708 647 est.
746 618 793 647 ao
825 619 897 658 per
930 605 1021 654 hoe,
1056 605 1091 646 si
1126 605 1254 646 deus
1288 605 1375 646 lux
1409 608 1492 646 est
1524 609 1565 646 et
1605 606 1734 647 deus

204 678 406 719 caritas
447 683 540 719 est.
573 678 761 730 profecto
801 677 1001 718 caritas
1034 677 1104 717 lux
1138 676 1231 730 ipsa
1269 679 1348 725 est,
1389 689 1495 730 quae
1537 676 1734 717 diffun-

203 749 354 790 ditur
398 749 447 789 in
494 748 750 790 cordibus
796 748 1002 789 nostris
1043 747 1430 800 perspiritum
1471 750 1733 798 sanetum,

203 820 290 872 qui
337 819 495 861 datus
542 822 623 861 est
667 819 834 861 nobis.
880 819 981 860 item
1029 819 1149 860 dicit:
1203 818 1302 870 Qui
1350 818 1464 860 odit
1511 818 1730 860 fratrem

204 904 368 933 suum.
396 891 445 931 in
474 890 718 932 tenebris
747 892 1027 943 estusque
1055 890 1239 931 adhue.
1266 890 1373 931 istae
1400 892 1499 931 sunt
1525 889 1734 937 tenebrae,

202 962 242 1002 in
277 975 379 1013 quas
414 961 606 1003 diabolus
640 965 681 1002 et
713 961 850 1016 angeli
886 962 976 1002 eius
1003 961 1185 1002 multum
1214 960 1492 1013 superbiendo
1521 960 1735 1014 progressi

203 1035 313 1073 sunt.
347 1033 553 1074 caritas
588 1033 697 1073 enim
732 1045 828 1074 non
864 1032 1183 1074 aemulatur.
1218 1045 1314 1073 uon
1349 1031 1606 1075 inflatur:
1640 1031 1733 1072 ideo

202 1116 279 1144 non
315 1105 565 1153 aemulatur,
599 1104 697 1156 quia
729 1117 807 1145 non
842 1104 1031 1146 inflatur:
1065 1103 1138 1144 ubi
1173 1103 1281 1144 enim
1313 1102 1527 1156 praecedit
1558 1102 1735 1145 inflatio.

203 1176 400 1217 continuo
452 1176 644 1228 sequitur
694 1175 934 1216 aemulatio.
988 1175 1182 1229 quoniam
1235 1174 1433 1227 superbia
1488 1176 1623 1215 mater
1672 1176 1737 1215 est

202 1245 471 1287 inuidentiae.

261 1317 465 1359 Diabolus
499 1318 628 1371 igitur
661 1321 701 1359 et
734 1317 871 1371 angeli
905 1317 994 1358 eius
1024 1330 1045 1357 a
1071 1317 1165 1358 luce
1199 1320 1324 1369 atque
1351 1318 1514 1357 feruore
1548 1316 1735 1357 caritatis

209 1388 344 1429 auersi
389 1395 430 1429 et
474 1389 598 1430 nimis
642 1389 683 1430 in
729 1389 968 1442 superbiam
1013 1388 1301 1440 inuidiamque
1355 1388 1565 1442 progressi
1616 1387 1737 1428 uelut

208 1459 376 1513 glaciali
415 1459 568 1501 duritia
606 1463 864 1513 torpuerunt.
888 1464 946 1500 et
983 1459 1075 1501 ideo
1115 1472 1188 1513 per
1224 1459 1399 1513 figuram
1441 1463 1654 1511 tamquam
1695 1458 1734 1499 in

207 1530 400 1584 aquilone
431 1533 657 1584 ponuntur.
694 1531 817 1580 unde,
852 1544 947 1572 cum
987 1531 1124 1585 generi
1164 1531 1347 1571 humano
1388 1530 1580 1570 diabolus
1619 1529 1732 1570 incu-

206 1601 335 1643 baret.
368 1604 543 1643 uentura
577 1602 711 1656 gratia
744 1602 968 1644 saluatoris
1002 1602 1156 1643 dicit-ur
1188 1602 1226 1642 in
1261 1601 1422 1643 cantico
1456 1601 1731 1642 canticorum:

206 1673 461 1727 Exsurge,
503 1673 700 1727 aquilo.
742 1677 791 1715 et
824 1674 958 1723 ueni,
993 1676 1189 1723 auster,
1225 1676 1276 1714 et
1308 1672 1482 1726 perfla
1516 1672 1729 1714 hortum

205 1756 370 1785 meum
406 1747 456 1785 et
489 1744 668 1785 fluent
701 1747 951 1786 aromata.
987 1758 1176 1799 exsurge.
1212 1745 1282 1798 qui
1317 1744 1497 1786 inruisti.
1532 1743 1603 1796 qui
1636 1743 1734 1784 sub-

205 1814 304 1856 ditis
354 1815 577 1858 incumbis.
631 1816 699 1869 qui
751 1829 972 1869 possessos
1023 1816 1201 1870 premis:
1253 1828 1442 1870 exsurge.
1496 1819 1541 1857 ut
1586 1827 1608 1856 a
1661 1817 1732 1855 tuo

204 1886 384 1939 pondere
411 1886 586 1928 releuati
614 1887 842 1941 erigantur.
870 1900 1048 1940 quorum
1075 1887 1235 1929 animas
1267 1886 1491 1940 premendo
1524 1886 1731 1929 cui-uasti:

207 1960 255 1998 et
295 1958 429 2007 ueni,
477 1960 674 2000 auster.
720 1958 857 2011 inquit
896 1959 1090 2012 spiritum
1131 1958 1331 1999 inuocans
1373 1957 1531 2012 gratiae
1564 1956 1733 1998 flantem

206 2028 254 2068 de
298 2029 470 2069 meridie
515 2029 634 2071 uelut
679 2043 700 2070 a
744 2032 861 2083 parte
906 2029 1067 2071 feruida
1113 2032 1154 2071 et
1198 2029 1420 2070 luminosa.
1467 2031 1513 2070 ut
1557 2028 1733 2069 fluant

323 2180 343 2210 Γ)
372 2178 384 2212 Ι
416 2178 489 2212 [oli.
515 2179 548 2219 4,
576 2180 596 2212 ὃ
683 2181 702 2213 6
730 2179 829 2213 Rom.
858 2182 889 2219 Γ),
918 2182 938 2214 5
1025 2184 1046 2214 >5
1075 2180 1089 2213 Ι
1117 2179 1192 2214 1011.
1221 2181 1253 2223 ⁶2,
1284 2181 1319 2213 11
1409 2180 1447 2213 11
1481 2179 1493 2212 1
1522 2178 1601 2214 Cor.
1632 2180 1685 2214 13.
1712 2181 1732 2212 4

205 2237 249 2272 20
276 2235 379 2272 Cant.
406 2239 440 2280 4,
470 2238 512 2271 lo

255 2321 270 2354 1
299 2320 414 2354 carnis
440 2320 519 2354 edd.
618 2321 840 2356 demonstret
866 2322 943 2357 edd.
966 2327 1117 2366 praeter
1142 2335 1165 2356 ιι
1239 2324 1259 2356 ’2
1287 2323 1416 2356 caritas
1444 2322 1500 2356 lux
1528 2333 1595 2355 non
1624 2328 1677 2355 est
1699 2321 1734 2355 R

205 2379 262 2413 lux
287 2390 356 2413 non
386 2381 441 2412 est
466 2380 597 2414 caritas
622 2381 702 2416 edd.
806 2382 1007 2426 apostolum
1036 2382 1214 2416 dicentem
1243 2381 1437 2415 Iohannem
1467 2381 1631 2425 Euqz‘ppi
1656 2381 1731 2414 cod.

211 2437 293 2472 Vae.
403 2438 479 2483 ipse
507 2443 525 2473 e
552 2439 611 2483 qui
640 2439 753 2484 pdixit
784 2440 815 2474 T
899 2442 919 2475 3
947 2441 1132 2486 quoniam!
1161 2441 1255 2485 quod
1286 2441 1358 2475 GT
1443 2441 1463 2473 4
1491 2451 1559 2474 non
1587 2444 1671 2473 sunt
1698 2440 1731 2472 in

206 2508 246 2531 eo
272 2497 351 2531 edd.
449 2508 587 2532 rursum
612 2499 691 2533 edd.
780 2501 800 2534 ὃ
827 2500 880 2545 ac]
908 2500 973 2533 hac
1005 2499 1033 2533 L
1119 2502 1139 2529 S
1166 2500 1275 2534 fratre
1307 2500 1335 2533 L
1425 2501 1461 2533 ll
1493 2511 1562 2533 nun
1591 2498 1734 2532 inflatur

204 2555 285 2590 ideo
312 2566 380 2589 non
409 2557 610 2591 aemulatur
635 2570 700 2593 om.
730 2559 764 2594 R
841 2560 883 2594 12
909 2559 1101 2604 praecedet
1126 2559 1291 2603 Euyippi
1316 2559 1391 2593 cod.
1428 2558 1508 2593 l'at.
1582 2558 1622 2591 13
1650 2568 1732 2590 con-

206 2615 305 2648 tinuo
333 2625 398 2648 om.
436 2614 465 2648 'I'
540 2617 579 2650 14
605 2617 764 2652 inuidiae
796 2618 868 2652 GT
942 2619 982 2652 17
1010 2618 1159 2662 duritia}
1188 2618 1324 2652 inuidia
1359 2618 1388 2651 T
1463 2619 1503 2651 12⁴
1530 2616 1731 2660 aquilonem

205 2672 312 2707 LOR
386 2683 516 2716 genere
543 2674 577 2709 R
626 2676 671 2710 20
699 2679 734 2709 et
761 2681 847 2710 ante
874 2677 983 2722 perfla
1009 2682 1075 2712 om.
1103 2677 1181 2710 edd.
1208 2689 1274 2710 sec.
1313 2676 1409 2720 l'nly.
1487 2678 1603 2709 ortum
1626 2674 1736 2709 LGT

206 2734 246 2768 21
278 2737 357 2780 qui*
379 2731 519 2775 (fm'tne
545 2739 612 2781 ald)
639 2738 775 2773 irruisti
808 2737 839 2770 T
934 2738 979 2771 22
1007 2740 1047 2771 ut
1072 2748 1151 2773 om..
1180 2748 1222 2770 m.
1253 2740 1277 2769 ,2
1303 2736 1390 2769 add.
1427 2735 1455 2768 T
1575 2736 1607 2778 a}
1637 2739 1673 2768 at
1702 2734 1733 2767 L

207 2801 251 2835 24
277 2801 415 2845 gratiae
434 2798 780 2843 (1211.I⁴,'u(7ippieml.
810 2797 891 2830 Vnt.
967 2797 1074 2830 flaute
1100 2795 1202 2830 [ΑΘΗ
1259 2795 1303 2827 ’35
1331 2806 1350 2828 a
1379 2794 1492 2838 parte}
1521 2801 1643 2838 aperte
1668 2794 1734 2827 ld)
