1952 3118
622 193 972 238 epistularum
1013 194 1146 230 CLXV.
1560 197 1645 238 543

117 324 218 366 lum.
263 335 387 375 quem
432 325 602 363 sanctae
646 323 870 364 memoriae
909 325 1147 374 Anastasio,
1193 325 1390 378 episcopo
1434 325 1644 366 Romanae

119 394 333 444 ecclesiae,
368 393 495 444 dedit,
526 394 567 434 in
602 406 683 447 quo
717 394 878 435 lubrica
911 397 953 436 et
985 395 1177 437 subdola.
1211 396 1339 437 immo
1381 396 1515 450 stulta
1552 408 1644 437 con-

117 465 315 515 sessione,
367 464 467 505 dum
512 464 749 506 auditorum
797 465 1060 518 simplicitati
1105 466 1292 507 inludere
1337 467 1498 516 nititur,
1544 479 1645 507 suae

117 536 226 586 fidei,
253 536 382 576 immo
409 534 605 588 perfidiae
631 534 791 576 inlusit.
821 548 926 588 quos
953 536 1082 577 libros
1105 549 1196 577 reor
1217 540 1408 577 sanctum
1431 539 1644 589 parentem

118 609 307 649 uestrum
341 605 493 646 habere
527 604 761 648 Oceanum:
798 606 897 646 olim
932 607 1039 647 enim
1069 606 1171 648 editi
1199 610 1299 648 sunt
1324 606 1480 647 multas
1508 606 1645 647 Rufini

116 677 210 719 libri
243 676 446 718 aduersus
473 689 549 717 nos
576 676 808 717 calumnias
835 680 1093 730 respuentes.
1128 680 1238 718 certe
1264 678 1393 718 habes
1421 677 1477 718 ibi
1506 678 1645 718 uirum

117 752 308 791 sanctum
347 751 388 788 et
433 747 642 788 eruditum
686 748 974 802 Augustinum
1019 748 1277 802 episcopum,
1324 749 1395 802 qui
1440 749 1554 797 uiua,
1599 752 1647 790 ut

117 821 245 862 aiunt.
284 831 389 860 uoce
428 819 576 860 docere
607 821 648 861 te
681 819 836 873 poterit
868 822 910 860 et
942 833 1076 869 suam,
1115 820 1244 861 immo
1277 832 1351 874 per
1383 832 1427 860 se
1459 822 1643 861 nostram

117 892 319 946 explicare
353 891 616 933 sententiam.

175 962 408 1004 Ezechielis
447 963 647 1004 uolumen
688 963 788 1003 olim
829 962 1000 1016 adgredi
1034 963 1151 1004 uolui
1185 965 1227 1004 et
1260 962 1528 1016 sponsionem
1562 975 1644 1003 cre-

116 1034 336 1075 berrimam
377 1033 580 1075 studiosis
625 1033 856 1075 lectoribus
901 1034 1085 1083 reddere,
1133 1033 1205 1075 sed
1244 1033 1284 1074 in
1323 1034 1414 1088 ipso
1462 1033 1645 1074 dictandi

117 1104 281 1147 exordio
302 1105 362 1146 ita
383 1105 547 1146 animus
574 1118 694 1146 meus
722 1105 1045 1146 occidentalium
1074 1105 1383 1158 prouinciarum
1406 1107 1448 1146 et
1467 1105 1644 1145 maxime

118 1176 231 1218 urbis
272 1176 427 1218 Romae
466 1176 704 1217 uastatione
744 1177 943 1218 confusus
984 1185 1061 1226 est,
1102 1182 1149 1217 ut
1186 1176 1300 1218 iuxta
1337 1176 1513 1231 uulgare
1552 1188 1642 1228 pro-

118 1247 306 1288 uerbium
334 1247 550 1300 proprium
578 1259 743 1300 quoque
770 1247 1004 1301 ignorarem
1039 1248 1308 1297 uocabulum,
1342 1247 1498 1300 diuque
1530 1246 1643 1287 tacui

120 1319 254 1360 sciens
288 1321 485 1371 tempus
519 1330 611 1359 esse
643 1318 973 1359 lacrimarum.
1007 1318 1084 1360 hoc
1113 1322 1252 1359 autem
1281 1330 1401 1367 anno,
1436 1331 1530 1358 cum
1558 1323 1643 1358 tres

118 1389 391 1442 explicassem
435 1389 580 1433 libros.
627 1389 796 1430 subitus
840 1390 1025 1443 impetus
1069 1390 1353 1438 barbarorum,
1399 1389 1448 1430 de
1490 1388 1643 1441 quibus

117 1463 216 1502 tuus
261 1460 364 1501 dicit
408 1459 640 1514 Vergilius:
692 1461 889 1513 ‘Lateque
933 1464 1138 1515 uagantes
1183 1461 1369 1502 Barcaei'
1414 1463 1456 1501 et
1499 1463 1644 1501 sancta

118 1532 324 1586 scriptura
370 1531 419 1572 de
463 1532 666 1573 Ismahel:
719 1531 901 1573 Contra
946 1532 1123 1573 faciem
1170 1533 1385 1574 omnium
1430 1532 1639 1572 fratrum

238 1707 280 1740 15
306 1706 423 1740 Ecele.
451 1707 483 1749 3,
510 1707 531 1739 4
609 1706 649 1740 17
678 1706 784 1751 Verg.
812 1707 900 1740 Aen.
927 1706 977 1739 lv
1003 1706 1144 1740 42--43
1221 1707 1263 1740 18
1291 1705 1379 1741 Gen.
1411 1707 1462 1750 16,
1491 1706 1534 1740 12

167 1790 182 1823 1
211 1794 291 1835 sabe
318 1792 353 1833 (a
379 1793 470 1833 exp.)
496 1789 544 1823 M
686 1800 833 1823 romana
858 1788 899 1823 K
922 1798 980 1831 (m.
1007 1792 1033 1822 2
1057 1792 1238 1831 romanae)
1266 1789 1305 1823 F
1327 1790 1384 1832 (m.
1413 1792 1436 1823 3
1461 1800 1642 1829 romanae)

118 1849 139 1882 2
171 1848 286 1882 edidit
316 1848 466 1884 PKVR
635 1848 991 1883 confessione—fidei
1024 1860 1104 1892 om.,
1135 1849 1175 1882 in
1207 1859 1319 1892 mary.
1353 1860 1396 1882 m.
1429 1851 1448 1882 1
1481 1847 1566 1881 add.
1598 1847 1645 1881 M

118 1908 138 1942 3
164 1908 377 1945 adiutorum,
403 1919 448 1942 m.
478 1909 503 1941 2
528 1907 730 1942 auditorum
757 1907 806 1941 M
954 1908 1189 1952 simplicitati.
1218 1920 1260 1941 m.
1290 1911 1314 1940 2
1339 1907 1572 1952 simplicitate
1599 1906 1643 1940 M

117 1969 138 2001 4
164 1966 310 2011 perfidei
336 1967 375 2001 F
469 1978 546 2000 reor
574 1968 611 2000 in
629 1967 709 2011 fine
730 1979 815 2011 paq.
844 1978 910 2003 om,
938 1966 976 2001 F
1083 1969 1104 1999 ὁ
1130 1967 1294 2000 habitan¹
1322 1968 1354 1999 A
1454 1977 1641 1999 oaceanum

119 2028 150 2066 (s
175 2025 309 2068 eras..9)
335 2025 370 2060 R
480 2025 578 2059 edita
603 2026 651 2059 Ι)1
762 2026 885 2059 inultis
913 2024 1234 2059 PKVMFAP²G
1261 2025 1338 2059 edd.
1456 2025 1579 2057 rutinis
1615 2023 1646 2055 V

118 2086 138 2119 6
163 2085 263 2119 libris
290 2085 487 2120 PKVMR
514 2086 545 2124 (s
572 2087 678 2125 eras.)
704 2085 813 2119 FAG
842 2085 921 2118 edd.
1069 2083 1250 2121 aduersus.
1279 2096 1321 2117 m.
1351 2087 1375 2117 2
1399 2094 1513 2127 supra
1537 2083 1554 2116 1
1581 2082 1642 2116 ad-

118 2154 236 2178 uersas
264 2144 305 2178 K
327 2144 496 2178 aduersas
523 2145 558 2179 R
583 2144 774 2178 aduersum
800 2144 884 2178 MG
982 2156 1045 2177 nos
1072 2155 1138 2178 om.
1165 2142 1315 2178 PKPR
1341 2143 1420 2177 edd.
1496 2153 1642 2186 respon-

119 2202 242 2237 dentes
269 2203 348 2237 edd.
424 2204 442 2236 7
472 2209 512 2238 ut
537 2204 642 2237 aiunt
667 2214 747 2242 om..
776 2204 815 2237 ιή
839 2214 953 2246 marry.
981 2215 1025 2237 m.
1053 2206 1071 2236 1
1098 2202 1184 2238 add.
1215 2202 1248 2237 G
1316 2207 1337 2236 ὅ
1364 2213 1427 2247 per
1455 2214 1491 2235 se
1519 2213 1585 2235 om.
1611 2201 1643 2233 (τ’

121 2262 162 2296 10
188 2262 395 2301 ezechieles,
422 2275 466 2296 m.
494 2266 512 2296 1
538 2262 586 2304 (?)
612 2274 703 2297 corr.
731 2262 919 2297 ezechielis
940 2262 979 2296 F
1049 2262 1169 2296 uolim.
1195 2262 1258 2296 sed
1283 2273 1304 2295 u
1332 2268 1388 2305 (m.
1412 2265 1429 2295 1
1450 2263 1483 2298 2³>
1511 2260 1578 2294 del.
1601 2259 1644 2292 M

166 2322 281 2356 uoluit
309 2322 352 2355 P¹
478 2323 670 2367 sponsione
698 2322 911 2357 creberrima
942 2321 975 2355 G
1099 2321 1365 2355 erebrerrimam
1403 2320 1478 2354 VM
1504 2320 1641 2353 creber-

119 2380 240 2415 rimam
268 2382 406 2424 (rimam
433 2383 473 2415 in
499 2393 571 2416 ras.
599 2393 642 2415 m.
673 2386 710 2415 ut
736 2382 812 2417 uid.
841 2384 872 2417 1>
899 2381 937 2415 F
1006 2382 1041 2414 11
1073 2381 1268 2421 studiosus,
1295 2391 1386 2415 corr.
1416 2378 1587 2413 studiosis
1615 2378 1647 2410 V

121 2439 163 2473 12
187 2440 360 2474 maximae
387 2440 522 2475 ΜΑΡ2
621 2442 661 2474 13
690 2441 892 2475 uastatioue
919 2451 998 2474 cum
1027 2451 1096 2473 ras.
1123 2451 1232 2484 super
1257 2452 1274 2473 e
1302 2439 1349 2473 M
1461 2438 1643 2473 confusus,

118 2498 159 2532 in
183 2510 296 2543 mara.
323 2511 367 2534 m.
397 2503 414 2534 1
438 2501 455 2534 1
481 2501 665 2534 confossus
693 2500 738 2533 M
846 2499 1058 2544 prouerbum
1087 2500 1122 2533 Ι)
1219 2501 1261 2532 14
1287 2499 1452 2542 ignorare
1486 2497 1515 2530 V
1540 2497 1641 2539 igno-

120 2568 190 2592 rem
217 2559 256 2593 F
375 2560 416 2594 16
444 2560 686 2596 barbarorum.
711 2559 775 2593 sed
800 2570 897 2593 orum
924 2559 965 2593 in
993 2570 1066 2593 ras.
1093 2564 1151 2602 (m.
1179 2562 1196 2592 1
1223 2558 1255 2600 ἕ)
1285 2559 1317 2591 (r'
1442 2557 1482 2591 17
1511 2556 1583 2589 tuis
1611 2556 1645 2588 P

169 2617 351 2661 uergilius,
377 2630 421 2651 m.
450 2620 475 2651 :2
499 2618 664 2661 uirgilius
691 2616 733 2651 K
755 2617 921 2661 uirgilius
947 2616 1245 2652 MRFAP¹P2G
1274 2627 1376 2649 arm
1483 2613 1640 2658 lateque]

120 2674 225 2720 longe
252 2675 396 2720 lateque
423 2674 472 2709 1²²
593 2676 759 2710 barchaei
787 2674 903 2708 KVF
924 2675 1069 2709 barchei
1096 2674 1302 2710 MRAP²G
1330 2674 1473 2707 brac-liei
1503 2673 1536 2706 P
1561 2674 1641 2706 bac-

122 2732 222 2768 chaei
247 2734 296 2768 Ρι
423 2746 522 2769 sacra
548 2735 595 2769 M
619 2742 743 2769 saneta
770 2735 894 2778 inquid
921 2734 972 2768 Ρ2
1096 2736 1138 2769 18
1164 2736 1312 2768 fratrum
1342 2739 1482 2766 tuorum
1511 2731 1646 2766 MFP2

121 2791 342 2827 inimieorum
370 2799 509 2828 tuorum
541 2795 573 2828 G
