1924 3122
5 2843 11 3122 1

121 1315 152 1340 15

655 174 1005 219 epistularum
1047 175 1254 210 CXXXVII.
1634 180 1711 219 107

182 306 381 354 minimis,
416 305 487 358 qui
519 318 598 347 non
633 307 699 346 est
731 318 888 359 paruus
922 306 962 346 in
995 306 1152 359 paruis.
1186 307 1278 359 ipsa
1317 307 1425 348 enim
1465 307 1712 361 magnitudo

180 377 351 418 uirtutis
386 377 489 419 eius.
525 389 629 430 quae
662 376 798 418 nullas
831 377 872 417 in
906 379 1084 431 angusto
1118 378 1248 419 sentit
1279 378 1512 432 angustias,
1546 381 1713 420 uterum

179 447 429 500 uirginalem
463 459 541 487 non
575 446 814 488 aduentieio
848 447 922 488 sed
960 446 1158 501 indigena
1189 448 1407 501 puerperio
1450 448 1711 493 fecundauit:

177 518 269 571 ipsa
320 518 401 559 sibi
445 518 626 559 animam
671 518 916 559 rationalem
962 520 1000 559 et
1048 531 1120 571 per
1164 518 1337 559 eandem
1383 519 1508 559 etiam
1561 531 1711 572 corpus

179 590 408 630 humanum
453 590 675 641 totumque
715 588 880 629 omnino
920 589 1134 630 hominem
1180 589 1219 629 in
1266 589 1419 630 melius
1463 590 1711 630 mutandum

178 661 292 702 nullo
326 660 450 701 modo
486 660 525 701 in
565 659 748 701 deterius
788 662 952 701 mutata
990 660 1207 714 coaptauit
1243 673 1393 702 nomen
1437 660 1711 701 humanitatis

176 732 226 772 ab
261 744 307 773 eo
337 731 556 785 dignanter
582 731 821 782 adsumens,
849 731 1083 773 diuinitatis
1112 731 1149 772 ei
1175 731 1348 786 largiter
1379 731 1587 780 tribuens3
1620 732 1711 784 ipsa

176 803 311 843 uirtus
349 815 423 855 per
461 803 665 844 inuiolata
704 802 850 844 matris
889 802 1079 856 uirginea
1118 803 1282 844 uiscera
1323 802 1508 843 membra
1541 802 1711 843 infantis

175 873 331 923 eduxit,
354 885 458 926 quae
486 875 633 926 postea
658 886 731 927 per
757 873 900 915 clausa
928 874 1037 915 ostia
1064 874 1250 915 membra
1275 873 1442 914 iuuenis
1469 872 1711 914 introduxit.

176 944 243 985 hio
270 943 305 984 si
333 943 439 984 ratio
469 943 696 996 quaeritur,
724 956 803 984 non
833 945 912 985 erit
938 944 1145 993 mirabile;
1182 944 1216 986 si
1245 945 1481 997 exemplum
1508 944 1711 997 poscitur.

176 1027 255 1056 non
308 1014 386 1055 erit
436 1015 659 1069 singulare.
709 1015 858 1056 demus
904 1015 1028 1056 deum
1080 1015 1238 1068 aliquid
1288 1028 1427 1068 posse,
1473 1015 1585 1068 quod
1636 1028 1711 1056 nos

178 1086 385 1127 fateamur
411 1086 669 1141 inuestigare
697 1099 775 1127 non
802 1099 940 1140 posse.
966 1087 1006 1128 in
1033 1087 1191 1128 talibus
1218 1087 1343 1128 rebus
1369 1088 1460 1128 tota
1478 1086 1584 1128 ratio
1611 1086 1711 1127 facti

178 1159 243 1199 est
274 1157 463 1210 potentia
493 1157 697 1199 facientis.

238 1228 325 1268 Iam
359 1228 477 1278 illud,
512 1229 623 1281 quod
656 1229 697 1270 in
731 1241 900 1271 somnos
935 1229 1117 1271 soluitur
1149 1231 1189 1271 et
1224 1229 1315 1270 cibo
1345 1229 1471 1270 alitur
1497 1231 1538 1270 et
1565 1240 1710 1270 omnes

178 1299 383 1340 humanos
416 1300 544 1341 sentit
575 1300 764 1344 affectus.
799 1300 1009 1342 hominem
1043 1300 1269 1354 persuadet
1300 1300 1558 1350 hominibus,
1586 1312 1710 1352 quem

299 1451 320 1485 9
346 1449 424 1484 1011.
451 1450 508 1494 ΞΟ,
538 1451 597 1492 19;
626 1451 670 1485 26
725 1451 860 1486 10-11
889 1467 933 1480 =
957 1462 1010 1496 ep.
1033 1450 1153 1494 CLXI,
1177 1451 1210 1491 1;
1235 1449 1374 1491 CLXII,
1394 1450 1432 1490 6;
1456 1450 1474 1483 7
1497 1450 1542 1483 in.
1567 1453 1602 1484 et
1624 1452 1709 1485 extr.

231 1534 247 1567 1
278 1533 352 1578 qui]
376 1533 405 1567 si
432 1534 461 1567 is
489 1534 550 1578 qui
576 1534 615 1568 D
737 1534 798 1578 qui
825 1545 896 1568 non
925 1537 978 1568 est
1005 1545 1136 1578 paruus
1163 1534 1217 1568 bis
1242 1534 1280 1568 D
1390 1536 1475 1576 post
1502 1535 1557 1566 est
1581 1543 1656 1567 ras.
1686 1534 1710 1566 8

175 1594 257 1637 sere
283 1594 304 1627 l.
336 1593 366 1627 C
459 1593 494 1627 in
523 1604 600 1629 om„
627 1597 754 1637 postea
781 1596 839 1637 (m.
868 1593 938 1636 32³)
969 1593 1054 1627 add.
1081 1593 1124 1627 H
1219 1594 1338 1638 paruis
1363 1605 1391 1627 s.
1418 1604 1453 1626 u.
1481 1592 1519 1627 D
1615 1593 1711 1627 inter

182 1654 261 1697 ipsa
286 1656 318 1686 et
345 1652 438 1686 enim
471 1663 563 1686 eras.
591 1652 668 1686 uid.
697 1656 749 1686 est
784 1652 834 1686 W
950 1654 970 1686 2
998 1653 1071 1697 qui,
1099 1664 1143 1686 m.
1172 1655 1195 1686 3
1222 1663 1312 1697 quae
1339 1652 1382 1685 ][
1522 1652 1636 1686 sensit
1662 1651 1709 1685 Pl

183 1714 203 1745 :3
231 1711 418 1755 uirginale,
444 1723 488 1745 m.
510 1716 535 1746 2
560 1711 773 1756 uirginalem
794 1713 829 1746 A
927 1712 1004 1756 sed]
1033 1712 1116 1746 sede
1137 1712 1175 1746 D
1272 1711 1445 1756 indigena
1470 1711 1709 1756 puerperium,

182 1783 226 1806 m.
259 1775 278 1806 1
309 1782 400 1806 corr.
433 1771 605 1816 indigena
638 1772 826 1816 puerperia
870 1771 920 1805 W
951 1771 1122 1816 indigena
1160 1771 1358 1816 puerperia,
1397 1781 1442 1804 m.
1478 1773 1501 1804 3
1538 1769 1709 1814 indigeno

183 1831 369 1876 puerperio
397 1831 440 1864 H
557 1831 579 1864 4
606 1831 724 1864 anima
756 1831 789 1864 T
894 1831 1145 1865 rationabilem
1176 1830 1278 1865 CRA
1400 1832 1420 1865 5
1448 1840 1516 1874 que
1542 1841 1569 1864 s.
1597 1841 1631 1863 u.
1666 1829 1715 1862 W

229 1890 404 1932 homines,
430 1901 474 1923 m.
503 1891 528 1923 2
551 1889 732 1924 hominem
760 1890 803 1923 H
920 1891 955 1924 in
981 1901 1008 1924 s.
1035 1901 1070 1924 u.
1102 1889 1153 1923 W
1269 1888 1440 1924 mutando
1467 1890 1506 1923 D
1627 1889 1647 1922 6
1673 1888 1709 1922 in

184 1948 357 1994 deterius]
386 1949 537 1983 interius
557 1948 600 1982 K
694 1951 834 1983 mutato
865 1949 929 1984 CR
955 1951 1013 1992 (m.
1041 1952 1066 1983 2
1090 1952 1247 1991 mutata)
1346 1950 1490 1993 nomeu}
1518 1960 1587 1982 non
1616 1948 1708 1982 onim

183 2008 226 2042 K
319 2009 338 2043 7
367 2008 560 2052 dignanter
586 2010 616 2050 (r
639 2019 668 2042 s.
695 2019 744 2051 u.)
778 2008 828 2042 W
915 2013 1000 2053 pose
1026 2009 1231 2043 diuinitatis
1257 2022 1284 2043 s.
1311 2020 1346 2043 u.
1374 2020 1417 2042 m.
1447 2012 1471 2042 2
1497 2020 1528 2044 s:
1557 2013 1638 2042 nom
1665 2008 1711 2042 M

232 2068 263 2102 ei
288 2068 451 2112 largiter]
485 2067 517 2101 ei
549 2068 647 2112 large
673 2068 713 2102 D
746 2071 781 2102 et
813 2067 1022 2112 largitatem
1049 2068 1091 2102 K
1209 2070 1229 2103 8
1256 2068 1452 2102 inuiolata*
1477 2068 1507 2102 C
1535 2067 1711 2101 inuiolata

185 2138 263 2161 cum
293 2138 366 2161 ras.
398 2138 507 2171 super
533 2130 651 2171 postr.
673 2127 695 2161 l.
722 2126 770 2161 Ρι
801 2128 1000 2162 inuiolatae
1026 2129 1069 2162 H
1099 2128 1177 2162 edd.
1208 2128 1353 2172 }uiolata
1385 2127 1417 2162 T
1559 2127 1710 2171 uirgine.

184 2198 228 2220 m.
257 2189 281 2220 3
307 2187 472 2230 uirginea
498 2186 541 2220 H
629 2188 649 2221 9
677 2187 798 2221 clausa
824 2188 869 2231 (cl
895 2199 923 2221 s.
949 2190 999 2231 u.)
1031 2188 1081 2223 JV
1104 2188 1200 2223 clusa
1227 2188 1259 2222 A
1359 2188 1452 2222 ostia
1478 2190 1530 2229 (os
1559 2188 1597 2221 in
1624 2198 1709 2221 ras..

178 2245 296 2288 fuisse
321 2245 397 2279 uid.
424 2245 504 2287 hos)
537 2244 587 2279 W
607 2245 726 2279 hostia
752 2246 825 2281 BR
851 2246 887 2289 (h
915 2246 997 2290 del.)
1024 2246 1105 2280 MP
1163 2247 1205 2281 10
1231 2246 1406 2281 mirabilis
1437 2246 1515 2280 ΤΡ1
1572 2248 1608 2280 11
1641 2257 1708 2279 non

187 2303 253 2338 erit
278 2315 357 2347 om„
384 2315 427 2337 m.
455 2306 473 2337 1
499 2302 546 2347 (ἓ)
576 2303 662 2337 add.
689 2304 737 2338 M
832 2304 1155 2350 eritss'ff'singulare
1181 2308 1268 2349 (ras.
1297 2308 1395 2339 2-3
1423 2305 1458 2347 l.)
1497 2304 1541 2338 W
1644 2306 1709 2339 deo

189 2362 421 2398 (ἨΙῖΚΡΡ1
448 2363 493 2397 do
525 2362 575 2397 W
596 2363 687 2397 dnae
714 2363 752 2397 D
828 2364 869 2397 12
896 2364 1051 2398 fatemur
1075 2364 1154 2398 RK
1248 2375 1318 2399 non
1345 2368 1455 2409 (post.
1484 2376 1502 2398 n
1529 2376 1556 2398 s.
1583 2370 1633 2399 u.)
1667 2364 1715 2397 W

229 2426 313 2466 post
345 2433 447 2467 posse
481 2423 643 2466 sequitur
673 2423 713 2456 in
750 2423 815 2458 W.-
846 2423 903 2457 hic
936 2424 1070 2468 optime
1103 2423 1264 2458 ostendit
1296 2424 1339 2458 do
1374 2425 1493 2459 omnia
1524 2424 1710 2469 possibilia

187 2492 263 2516 esse
290 2485 326 2516 et
351 2481 468 2516 facere
495 2493 598 2526 posse
626 2482 720 2527 quod
749 2494 811 2516 nos
839 2484 1015 2517 fateamur
1035 2484 1254 2527 inuestigare
1281 2495 1350 2518 non
1380 2495 1483 2528 posse
1558 2484 1706 2526 talibus}

186 2541 321 2575 talibus
348 2542 440 2575 enim
468 2541 506 2575 D
581 2542 623 2575 14
650 2542 685 2575 in
712 2553 796 2582 om..
820 2554 864 2576 m.
887 2546 912 2577 2
939 2543 1024 2577 add.
1048 2543 1089 2576 II
1110 2543 1325 2578 semiramem
1352 2544 1383 2577 T
1478 2554 1601 2577 somno
1622 2542 1709 2577 DP¹

234 2601 427 2634 resoluitur
452 2600 490 2634 D
515 2601 726 2638 rosoluetur.
752 2613 797 2635 m.
824 2605 843 2635 1
869 2612 958 2636 corr.
986 2602 1179 2651 resoluitur
1210 2602 1260 2636 W
1341 2606 1375 2636 ot
1403 2614 1469 2635 om.
1498 2601 1539 2635 K
1619 2601 1708 2636 cino.

187 2670 231 2693 m.
259 2662 284 2693 2
310 2659 387 2693 cibo
415 2659 457 2693 K
526 2660 641 2693 omnis
667 2661 853 2697 humanus.
881 2672 923 2695 m.
952 2663 977 2695 2
1003 2672 1124 2695 omnes
1150 2662 1325 2695 humanos
1359 2661 1407 2694 W
1464 2662 1503 2695 15)
1531 2661 1656 2695 sentit·
1682 2663 1711 2695 (’

235 2717 638 2752 affectus-hominibus
659 2730 739 2757 om..
760 2730 804 2753 m.
824 2724 865 2753 ut
885 2720 961 2754 uid.
982 2723 1001 2754 1
1021 2721 1060 2754 in
1081 2721 1149 2763 inf.
1170 2731 1282 2765 vlary.
1305 2720 1390 2754 add.
1421 2720 1468 2754 W
1537 2719 1708 2755 adfectos.

188 2786 233 2810 m.
260 2780 279 2810 1
304 2787 394 2811 corr.
423 2776 587 2812 adfectus
613 2778 659 2812 M
756 2790 846 2823 quae
873 2780 907 2813 A
