1952 3118
188 585 241 625 32

278 246 363 286 306
751 242 786 276 S.
825 241 1007 276 Aureli
1046 243 1334 286 Augustini

278 372 404 413 etiam
448 374 549 413 tunc
594 371 786 424 potuisse
833 370 976 412 donari
1021 373 1132 412 certe
1176 373 1346 424 propter
1396 372 1565 413 beatum
1611 373 1805 415 Paulum.

278 443 375 496 quia
413 445 454 483 et
490 443 581 495 ipse
622 442 816 495 quamuis
854 442 1115 483 nouissimus
1154 442 1301 495 utique
1335 442 1552 495 apostolus
1592 446 1692 493 erat,
1737 445 1806 497 qui

277 514 327 556 de
361 527 437 555 sua
468 514 541 555 illa
573 513 777 554 ineffabili
808 513 1065 554 reuelatione
1099 526 1180 554 non
1213 513 1359 555 tacuit.

336 585 599 638 Quamquam
646 587 687 626 et
729 584 793 625 illi
837 585 1008 637 antiquo
1053 584 1299 625 fidelissimo
1352 585 1511 626 famulo
1558 585 1623 626 dei
1666 586 1806 639 Moysi

275 657 427 698 mirum
460 657 542 697 nisi
572 656 613 696 in
647 656 724 697 hac
756 658 866 697 terra
903 656 1142 697 laboraturo
1182 656 1472 709 populumque
1510 656 1631 697 illum
1671 657 1806 698 adhuc

274 730 438 770 recturo
484 740 732 769 concessum
779 731 856 776 est,
910 727 1022 780 quod
1065 727 1232 780 petiuit,
1278 730 1326 768 ut
1370 727 1603 769 claritatem
1650 728 1807 769 domini

276 799 450 847 uideret,
486 798 553 839 cui
587 798 763 839 dixerat:
805 797 854 840 Si
890 798 1062 839 inueni
1104 798 1316 852 gratiam
1357 801 1467 839 ante
1501 801 1561 849 te,
1597 799 1805 841 ostende

275 870 396 910 mihi
435 872 590 910 temet
626 869 790 923 ipsum
829 870 1109 910 manifeste.
1151 870 1314 923 accepit
1352 870 1462 911 enim
1495 870 1537 910 in
1570 871 1807 924 praesentia

275 954 507 996 congruum
552 953 813 994 responsum,
865 941 977 994 quod
1026 941 1175 981 faciem
1223 940 1289 981 dei
1333 941 1476 982 uidere
1521 954 1602 982 non
1648 945 1805 996 posset,

275 1025 399 1065 quam
443 1025 563 1053 nemo
609 1012 772 1053 uideret
816 1014 857 1053 et
900 1012 1078 1061 uiueret,
1129 1012 1207 1052 hoc
1252 1012 1374 1053 modo
1421 1012 1497 1054 deo
1543 1012 1805 1067 significante

274 1083 448 1125 alterius
487 1083 662 1137 potioris
701 1084 813 1124 uitae
852 1083 969 1124 illam
1010 1095 1101 1124 esse
1140 1082 1360 1124 uisionem.
1405 1083 1553 1124 deinde
1586 1084 1627 1124 in
1665 1084 1805 1125 uerbis

274 1154 342 1194 dei
372 1154 539 1195 futurae
568 1153 725 1195 Christi
752 1154 954 1195 ecclesiae
981 1154 1228 1207 mysterium
1255 1153 1482 1208 figuratum
1510 1156 1586 1195 est.
1621 1155 1807 1208 gestauit

274 1225 428 1279 quippe
461 1226 630 1279 Moyses
662 1227 810 1279 typum
843 1225 989 1278 populi
1021 1225 1274 1266 Iudaeorum
1307 1225 1346 1265 in
1383 1224 1598 1266 Christum
1631 1239 1802 1278 passum

273 1298 421 1349 postea
472 1296 689 1339 credituri:
746 1296 840 1337 ideo
891 1296 955 1337 illi
1007 1296 1167 1336 dictum
1221 1298 1304 1337 est:
1363 1294 1480 1337 Cum
1539 1297 1802 1348 transiero,

276 1367 559 1420 posteriora
585 1380 689 1408 mea
715 1367 914 1408 uidebis
943 1370 984 1407 et
1005 1370 1153 1410 cetera.
1179 1380 1283 1420 quae
1303 1366 1361 1408 ibi
1383 1366 1592 1417 dicuntur,
1621 1367 1804 1409 mirabili

274 1441 535 1479 sacramento
568 1438 888 1490 praenuntiante
923 1438 1145 1479 ecclesiam
1178 1440 1275 1491 post
1306 1438 1507 1487 futuram,
1541 1438 1647 1479 unde
1681 1439 1803 1480 modo

273 1511 446 1563 longum
474 1511 539 1550 est
565 1509 791 1562 disputare.
820 1509 931 1562 quod
958 1511 1099 1550 autem
1127 1509 1262 1550 dicere
1288 1508 1569 1559 institueram,
1598 1509 1803 1550 desiderio

274 1581 365 1622 eius
404 1581 530 1621 etiam
568 1580 686 1631 illud,
733 1580 846 1633 quod
887 1580 1082 1633 petierat,
1127 1580 1259 1621 fuisse
1305 1592 1568 1631 concessum,
1613 1580 1652 1621 in
1698 1579 1803 1621 libro

273 1665 543 1693 numerorum
585 1653 734 1705 postea
785 1651 1117 1693 demonstratum
1169 1653 1245 1701 est,
1297 1650 1370 1691 ubi
1421 1650 1614 1693 dominus
1666 1651 1806 1705 arguit

274 1722 583 1765 contumaciam
613 1722 766 1764 sororis
792 1722 928 1776 ipsius
957 1724 998 1763 et
1024 1722 1126 1763 dicit
1152 1722 1246 1763 aliis
1274 1721 1493 1775 prophetis
1525 1721 1573 1762 in
1606 1722 1802 1763 uisione

275 1808 318 1836 se
352 1807 549 1848 apparere
583 1796 630 1835 et
661 1794 708 1835 in
743 1807 925 1845 somno,
965 1793 1104 1847 Moysi
1144 1795 1284 1834 autem
1324 1805 1408 1846 per
1446 1794 1678 1846 speciem,
1711 1806 1803 1834 non

272 1878 357 1918 per
408 1865 699 1920 aenigmata,
751 1864 824 1905 ubi
877 1864 1003 1905 etiam
1054 1863 1216 1905 addidit
1268 1863 1432 1904 dicens:
1485 1864 1543 1904 Et
1594 1864 1803 1918 gloriam

274 1936 461 1978 domini
494 1936 637 1977 uidit.
673 1936 774 1989 quid
807 1948 903 1990 ergo
939 1937 1015 1984 est,
1052 1935 1164 1988 quod
1205 1948 1300 1976 eum
1341 1935 1400 1976 sic
1434 1934 1535 1976 fecit
1568 1937 1802 1988 exceptum,

393 2113 411 2145 7
439 2112 500 2145 Ex.
528 2112 583 2148 33.
613 2112 654 2145 13
759 2113 779 2145 5)
807 2111 868 2144 Ex.
896 2111 952 2153 33,
980 2110 1024 2144 20
1126 2110 1164 2143 11
1196 2110 1254 2143 Ex.
1283 2109 1338 2150 33,
1360 2110 1499 2143 ‘2142ae
1589 2109 1631 2143 14
1658 2109 1718 2143 Ex.
1746 2109 1800 2144 33.

272 2172 412 2205 22—23
487 2172 531 2205 20
552 2171 658 2204 Num,
688 2171 741 2207 12.
769 2171 861 2204 6-ss
889 2181 956 2205 sec.
986 2171 1157 2214 Septuag.

322 2255 337 2288 1
369 2255 487 2298 potius
514 2265 562 2297 se,
588 2266 632 2288 m.
662 2257 686 2287 ,2
711 2254 871 2298 potuisse
897 2253 936 2287 F
958 2263 1061 2297 posse
1095 2251 1195 2285 TOL
1267 2251 1444 2285 beatitum
1471 2251 1514 2297 (ti
1541 2263 1583 2287 m.
1605 2253 1630 2285 2
1654 2253 1747 2295 exp.)
1768 2252 1802 2284 A

271 2315 292 2348 2
319 2314 442 2357 utique
470 2314 686 2347 nouissimus
716 2313 747 2346 A
846 2314 867 2346 3
894 2312 957 2346 illa
983 2323 1026 2347 m.
1056 2314 1079 2345 :2
1106 2323 1148 2346 ecc
1173 2312 1227 2344 illi
1259 2311 1287 2344 Ο
1313 2311 1388 2345 illic
1414 2310 1463 2344 M
1555 2312 1577 2344 4
1603 2309 1743 2345 illllsism'
1776 2310 1804 2344 Ο

318 2373 527 2407 fidelissimo
556 2373 704 2417 antiquo
732 2373 811 2406 edd.
887 2374 906 2406 5
933 2372 1061 2405 mirum
1089 2383 1154 2406 om.
1177 2371 1210 2404 L
1308 2370 1377 2404 nisi
1404 2370 1519 2404 adhuc
1544 2370 1580 2403 in
1606 2370 1673 2404 hac
1704 2370 1804 2404 TOL

273 2435 293 2465 8
319 2433 447 2476 temet]
475 2435 512 2465 te
539 2432 571 2466 L
771 2431 952 2475 praesenti
985 2430 1027 2464 H
1059 2431 1114 2472 (m
1144 2430 1217 2473 fine
1251 2440 1270 2462 a
1300 2440 1344 2463 m.
1371 2431 1390 2462 1
1423 2428 1507 2462 add.
1541 2429 1603 2463 sed
1634 2432 1742 2471 eras.)
1771 2429 1803 2462 L

272 2494 292 2523 ἑ)
320 2491 434 2536 possit
465 2490 543 2524 TM
568 2494 625 2532 (m.
653 2493 671 2523 1
698 2500 785 2524 corr.
814 2490 949 2534 posset)
1075 2489 1118 2522 10
1152 2488 1378 2533 significante
1412 2487 1477 2521 deo
1505 2487 1583 2521 edd.
1604 2491 1755 2531 praeter
1781 2499 1802 2521 a

272 2550 497 2594 significante
526 2551 605 2594 [om.
635 2549 714 2592 deo)
743 2561 766 2582 a
879 2549 921 2583 12
949 2540 1009 2582 diii
1037 2547 1085 2581 M
1268 2547 1342 2591 Xps
1370 2546 1469 2580 ecl'ae
1497 2548 1550 2591 (ps
1578 2557 1616 2580 ec
1641 2557 1686 2580 m.
1715 2548 1739 2580 2
1765 2547 1804 2580 in

274 2611 362 2652 ras.)
388 2610 432 2643 M
507 2609 550 2642 14
577 2608 712 2642 dictum
740 2611 794 2642 est
820 2608 873 2642 illi
900 2608 979 2642 edd.
1052 2609 1093 2641 15
1121 2607 1335 2640 mirabiliter
1361 2606 1407 2639 M
1477 2607 1518 2640 16
1546 2607 1803 2650 praenuntiant

271 2669 455 2704 HFAPL
481 2669 559 2703 edd.
637 2669 677 2702 17
706 2668 839 2712 autem]
869 2670 904 2702 et
930 2669 964 2701 A
1038 2667 1084 2701 20
1111 2667 1208 2701 illius
1240 2666 1303 2699 OL
1402 2666 1540 2699 uisione
1568 2666 1618 2710 se]
1646 2665 1802 2699 uisioncs

276 2727 341 2762 TO
449 2728 491 2761 21
522 2731 558 2761 et
584 2738 650 2763 om.
678 2727 712 2760 L
809 2727 847 2760 in
876 2727 1013 2760 somnio
1044 2726 1165 2768 TOL;
1198 2726 1299 2770 Παῖς).
1326 2736 1389 2770 per
1415 2725 1602 2765 somnium,
1629 2723 1800 2768 Septuasl.

273 2785 307 2818 ἐν
335 2785 427 2831 ὕπνῳ
540 2786 576 2819 in
602 2786 720 2830 specie
751 2785 869 2826 TOL,·
902 2785 1004 2828 Vulq.
1031 2785 1160 2829 palam,
1190 2784 1361 2828 Septuay.
1390 2781 1423 2815 ἐν
1451 2779 1531 2816 εἴδει
1645 2794 1715 2816 non
1741 2793 1803 2827 per

273 2845 492 2890 aenigmata}
518 2845 775 2889 fffs'wenigniata
802 2848 889 2886 (ras.
918 2846 1011 2877 1—-2
1037 2844 1075 2886 l.)
1101 2843 1150 2876 M
1220 2843 1263 2876 23
1291 2842 1379 2876 facit
1410 2841 1475 2876 TL

1832 1025 1844 1048 1
1849 1026 1865 1050 Ο
1929 1029 1931 1038 ⁴

1830 1379 1864 1405 15

1828 1733 1863 1759 20
