1952 3118
114 976 147 1000 10

112 1330 146 1355 15

84 1384 109 1424 2

114 1687 149 1712 20

567 204 583 225 e
599 203 620 236 p
638 191 676 224 is
691 193 706 224 t
721 191 769 224 ul
785 202 805 225 a
819 201 918 224 rum
959 190 1117 225 CXLIII.
1157 190 1298 225 CXLIV
1617 193 1702 233 263

171 323 364 364 ueritatis
399 322 538 363 euicta
571 324 648 363 est.
684 321 719 362 si
753 321 865 375 sapit
897 320 1073 362 dulcedo
1108 321 1223 373 pacis
1257 321 1517 374 unitatisque
1551 321 1703 362 caritas

172 407 249 435 non
296 393 377 434 iam
423 393 663 434 reuerberat
707 393 854 434 oculos
900 392 1082 441 saucios,
1123 392 1197 433 sed
1242 405 1365 433 sanos
1410 392 1610 433 inlustrat
1657 405 1702 433 ac

172 467 355 517 uegetat.
385 477 462 505 ιιοιι
491 466 590 504 sunt
616 464 717 505 haec
745 475 869 517 opera
896 466 1039 504 nostra
1065 463 1138 503 sed
1166 462 1245 511 dei,
1274 475 1353 503 non
1381 463 1481 504 haec
1508 462 1704 503 humanis

171 536 320 589 opibus
356 535 523 575 omnino
557 534 783 575 tribuerem
812 546 885 574 nec
914 533 962 583 si,
991 546 1086 574 cum
1115 533 1225 586 apud
1252 545 1328 574 uos
1356 546 1562 575 essemus.
1590 535 1706 573 canta

171 606 390 647 conuersio
430 605 717 646 multitudinis
754 604 874 646 nobis
914 604 1185 657 loquentibus
1225 606 1267 644 et
1304 604 1568 645 hortantibus
1614 616 1704 656 pro-

173 677 345 717 ueniret.
403 677 480 718 hoc
540 677 627 731 agit
682 676 753 716 ille
805 679 847 716 et
902 674 1045 724 efficit,
1099 674 1170 728 qui
1215 687 1288 728 per
1337 675 1552 716 ministros
1604 688 1704 715 suos

171 762 305 789 rerum
348 748 479 802 signis
520 748 780 788 extrinsecus
822 746 1032 795 admonet„
1066 747 1190 787 rebus
1231 748 1371 787 autem
1414 746 1517 798 ipsis
1556 758 1628 799 per
1661 758 1705 786 se

171 821 307 872 ipsum
343 820 595 860 intrinsecus
629 819 764 860 docet.
798 831 872 859 nec
905 817 997 859 ideo
1032 817 1194 872 pigrius
1233 817 1394 858 moueri
1427 829 1501 858 nos
1541 819 1706 870 oportet

172 891 219 931 ad
248 890 446 931 uisendos
479 903 570 931 uos.
600 889 811 943 quoniam,
841 888 1044 942 quicquid
1069 889 1109 930 in
1146 888 1267 930 uobis
1299 887 1512 929 laudabile
1546 887 1704 928 factum

173 965 250 1011 est,
285 974 361 1002 non
391 975 413 1001 a
440 961 560 1002 nobis
594 960 665 1002 sed
699 960 748 1000 ab
776 959 849 1000 illo
877 960 1035 1000 factum
1065 961 1142 1001 est.
1178 959 1260 1011 qui
1293 959 1418 1000 facit
1451 958 1707 999 mirabilia

173 1033 325 1073 solus.
360 1031 493 1072 multo
528 1030 636 1071 enim
671 1030 851 1071 alacrius
891 1029 1093 1070 debemus
1137 1042 1350 1070 accurrere
1389 1028 1438 1070 ad
1479 1029 1707 1082 spectanda.

173 1116 297 1155 opera
329 1102 473 1143 diuina
506 1115 628 1154 quam
670 1103 825 1150 nostra,
860 1100 958 1153 quia
997 1103 1038 1141 et
1071 1113 1160 1150 nos„
1196 1100 1230 1141 si
1270 1100 1371 1153 quid
1410 1100 1504 1141 boni
1541 1112 1705 1149 sumus,

173 1187 277 1228 opus
305 1174 435 1216 illius.
464 1186 541 1214 non
572 1173 787 1215 hominum
818 1185 983 1215 sumus:
1007 1172 1116 1213 unde
1138 1172 1356 1225 apostolus
1385 1171 1507 1212 dixit:
1534 1170 1704 1224 Neque

173 1246 254 1298 qui
307 1245 514 1299 plantat,
568 1247 643 1285 est
694 1243 900 1296 aliquid,
952 1255 1108 1296 neque
1161 1243 1246 1296 qui
1298 1243 1444 1297 rigat,
1491 1242 1574 1283 sed
1620 1241 1703 1294 qui

174 1318 535 1358 incrementum
570 1316 653 1356 dat
686 1325 817 1356 deus.

233 1388 486 1429 Xenocrates
526 1387 811 1434 Polemonem,
846 1388 893 1426 ut
932 1385 1116 1426 scribitis
1158 1387 1199 1426 et
1239 1398 1312 1425 nos
1346 1397 1393 1425 ex
1432 1384 1517 1425 illis
1550 1383 1705 1424 litteris

171 1459 451 1507 recordamur,
502 1458 551 1498 de
601 1457 721 1511 fruge
772 1456 1072 1509 temperantiae
1124 1455 1375 1509 disputando
1428 1467 1507 1496 non
1565 1455 1704 1496 solum

173 1530 384 1571 ebriosum
419 1541 564 1569 uerum
599 1532 640 1568 et
671 1529 773 1569 tunc
806 1526 966 1568 ebrium
1000 1526 1051 1567 ad
1085 1539 1222 1568 mores
1255 1527 1360 1568 alios
1401 1528 1570 1579 repente
1610 1538 1705 1566 con-

173 1601 314 1642 uertit.
372 1612 626 1654 quamquam
685 1611 781 1652 ergo
837 1597 923 1645 ille,
975 1597 1087 1639 sicut
1135 1597 1360 1650 prudenter
1409 1599 1451 1638 et
1500 1596 1707 1638 ueraciter

174 1671 456 1720 intellexistis,
491 1683 569 1711 non
605 1670 680 1711 deo
714 1669 841 1710 fuerit
873 1669 1111 1722 adquisitus
1146 1668 1218 1710 sed
1243 1670 1410 1709 tantum
1437 1681 1460 1709 a
1487 1667 1704 1708 dominatu

174 1743 360 1784 luxuriae
400 1742 616 1790 liberatus,
656 1743 794 1782 tamen
836 1753 884 1780 ne
924 1740 965 1780 id
1004 1740 1142 1794 ipsum
1183 1739 1366 1793 quidem,
1401 1739 1512 1792 quod
1551 1739 1706 1780 melius

297 1882 339 1916 10
364 1881 422 1915 Ps.
451 1882 506 1920 71,
538 1881 579 1914 15³
657 1879 741 1914 131
769 1878 847 1914 Cor.
876 1880 908 1919 3,
937 1880 956 1913 7

225 1965 238 1998 1
271 1964 421 1998 unitatis
449 1964 531 2007 quia
559 1963 688 1997 carita<
716 1963 749 1995 A
848 1963 868 1995 2
896 1963 981 2006 non}
1009 1966 1043 1995 ct
1071 1973 1138 1995 non
1171 1961 1247 1995 (ΙΡ1
1353 1972 1457 1995 sanos
1483 1963 1516 2004 (o
1544 1971 1587 1994 επ
1611 1970 1702 1994 corr.

177 2036 218 2057 m.
249 2026 286 2067 3)
312 2023 351 2057 F
420 2024 440 2056 4
469 2022 646 2067 operibus,
673 2034 718 2055 m.
746 2024 763 2055 1
788 2032 904 2065 supra
930 2021 946 2054 l*
971 2021 1099 2065 opibus
1120 2021 1155 2056 R
1182 2020 1349 2066 operibus
1376 2020 1455 2054 edd.
1554 2020 1584 2053 si
1611 2020 1704 2062 cum}

176 2083 268 2117 sicut
293 2083 339 2116 M
361 2084 423 2126 (m.
451 2086 475 2115 :3
501 2082 528 2114 si
558 2084 615 2126 cu)
641 2081 712 2115 FA
811 2082 831 2114 ἴ)
858 2081 1034 2125 pucnirct,
1062 2091 1152 2115 corr.
1180 2080 1345 2125 pucniret
1371 2079 1419 2113 P¹
1517 2079 1538 2112 6
1565 2078 1639 2123 agit
1668 2082 1706 2111 et

177 2143 286 2177 efficit
312 2142 373 2176 illc
401 2142 435 2176 R
462 2143 511 2176 ait
538 2144 596 2174 (m.
626 2143 651 2175 2
677 2141 767 2184 agit)
794 2140 855 2174 ille
884 2143 919 2173 et
947 2140 1043 2174 eficit
1069 2141 1127 2183 (m.
1156 2142 1181 2174 2
1207 2139 1331 2182 efficit)
1357 2139 1405 2172 M
1434 2139 1512 2183 agit
1538 2138 1598 2172 ille
1626 2137 1703 2171 effi-

177 2202 225 2236 cit
252 2201 290 2235 F
313 2206 375 2235 aut
402 2201 461 2235 ille
490 2202 601 2235 eflicit
628 2201 673 2233 Ι)1
704 2202 822 2233 autem
852 2199 912 2233 illc
940 2199 1050 2233 efficit
1081 2199 1111 2233 (J
1170 2200 1188 2233 7
1217 2209 1253 2233 se
1280 2209 1347 2233 om.
1375 2197 1530 2232 MFAR
1591 2197 1612 2231 8
1639 2208 1704 2230 nec

176 2261 255 2295 ideo
282 2272 363 2296 om..
391 2273 432 2294 m.
465 2264 480 2293 1
507 2260 593 2293 add.
622 2259 664 2292 M
764 2258 876 2302 pigris
907 2259 936 2289 (l
1019 2259 1040 2292 9
1069 2257 1280 2298 uisitendos,
1308 2268 1352 2291 m.
1381 2260 1398 2290 1
1423 2256 1471 2300 (32)
1499 2267 1589 2291 corr.
1618 2255 1704 2289 uisi-

176 2319 304 2354 tandos
330 2320 374 2354 M
402 2319 600 2353 uisitandos
627 2318 675 2352 1²¹
749 2329 832 2351 x-uos
859 2316 898 2351 F
920 2329 984 2351 nos
1012 2317 1046 2350 P
1119 2320 1174 2351 est
1200 2317 1332 2351 factum
1361 2316 1439 2351 edd.
1518 2316 1559 2350 10
1585 2327 1703 2349 non—

177 2382 231 2413 est
257 2379 322 2422 bis,
350 2380 502 2413 alterum
530 2378 596 2411 del.
626 2378 660 2411 P
756 2377 840 2421 quia
867 2379 901 2419 (a
927 2376 1010 2418 del.)
1040 2375 1071 2410 (J
1165 2376 1252 2410 fecit
1279 2375 1313 2409 A
1439 2375 1477 2409 11
1508 2385 1702 2414 accurrere,

176 2448 220 2472 m.
248 2440 273 2471 2
299 2449 480 2472 occurrero
508 2436 554 2470 Ι)ι
583 2447 765 2470 occurrere
792 2435 827 2469 R
938 2434 995 2478 adl
1024 2438 1091 2474 set,
1117 2446 1161 2468 m.
1189 2437 1207 2468 1
1234 2445 1324 2469 corr.
1353 2433 1398 2468 ad
1424 2433 1471 2468 M
1578 2444 1701 2477 expec-

176 2497 287 2531 tanda
312 2497 414 2532 codd.
443 2496 497 2531 rin
524 2495 570 2529 1²¹
598 2508 640 2529 m.
668 2499 709 2529 ut
734 2494 810 2530 uid.
841 2497 856 2527 I
883 2504 973 2528 corr.
1000 2493 1209 2539 spectanda)
1275 2494 1317 2527 14
1343 2493 1405 2528 sed
1433 2494 1703 2532 incrementum,

178 2566 220 2590 m.
249 2558 274 2590 2
298 2555 359 2589 sed
394 2555 453 2599 qui
481 2556 738 2589 incrementum
766 2554 801 2587 P
947 2554 988 2587 16
1016 2553 1316 2599 scripsistisUP¹
1463 2553 1541 2595 nos}
1574 2562 1641 2585 nox
1668 2550 1707 2584 F

225 2615 320 2649 illius
348 2615 425 2649 edd.
447 2618 596 2658 praeter
622 2626 654 2647 m
743 2613 785 2646 12<
813 2613 863 2656 etl
893 2612 999 2646 ctiam
1019 2613 1152 2656 flrm
1236 2613 1278 2647 19
1306 2623 1390 2655 ergo
1416 2623 1484 2647 om.
1512 2611 1546 2644 P
1641 2610 1702 2644 ille

178 2677 209 2707 (o
237 2686 280 2709 m.
308 2678 333 2708 2
358 2685 447 2708 corr.
477 2677 541 2707 nuc
566 2673 770 2715 inductum)
798 2672 843 2706 M
868 2672 921 2705 illi
947 2671 987 2706 F
1009 2673 1067 2714 (ιη’.
1097 2672 1154 2706 3?
1180 2672 1254 2714 ille)
1280 2671 1367 2706 P¹R
1465 2672 1510 2705 20
1537 2670 1614 2709 deo,
1640 2670 1703 2704 sed

180 2744 198 2763 o
223 2745 267 2766 m.
298 2736 314 2766 1
342 2735 389 2774 (Β)
418 2733 453 2765 iu
482 2743 574 2774 ras.;
598 2732 671 2775 suit
698 2743 729 2765 ιιι
758 2730 796 2764 F
939 2730 982 2764 ab
1010 2731 1196 2765 honiinatu
1223 2734 1255 2764 A
1390 2731 1431 2764 21
1460 2729 1640 2763 luxum-iae
1668 2729 1701 2762 A

226 2792 409 2830 liberatos,
438 2803 478 2824 m.
509 2793 526 2823 1
552 2801 641 2824 corr.
669 2789 842 2823 liberatus
871 2788 916 2822 ][
1011 2800 1075 2823 nec
1106 2789 1136 2823 G
