1924 3122
193 200 276 240 144
665 197 698 232 S.
739 197 924 231 Aureli
962 196 1253 241 Augustini

189 331 265 377 ret,
292 327 334 368 in
363 326 474 380 quod
502 325 755 379 profundum
782 338 863 366 non
898 325 1162 379 demergeret
1193 326 1351 367 fluuius
1386 326 1466 367 iste
1500 327 1727 369 horrendae

190 398 402 451 nequitiae
449 397 611 451 generis
657 396 841 446 humani,
887 396 969 437 nisi
1015 409 1113 437 crux
1160 397 1316 438 Christi
1361 397 1401 437 in
1448 400 1565 440 tanta
1609 399 1731 440 uelut

190 471 301 510 mole
335 468 602 510 auctoritatis
637 467 890 508 eminentius
924 467 1171 521 firmiusque
1198 468 1409 522 figeretur,
1440 470 1560 511 cuius
1589 470 1730 523 adpre-

192 542 320 582 henso
361 540 508 581 robore
549 539 723 579 stabiles
764 551 969 588 essemus,
1010 551 1060 579 ne
1106 539 1215 580 male
1261 540 1526 582 suadentium
1573 542 1643 582 uel
1687 540 1729 581 in

192 612 299 652 mala
346 611 637 664 inpellentium
682 613 767 651 tam
812 613 934 651 uasto
981 611 1126 651 mundi
1170 611 1296 652 huius
1349 613 1509 665 abrepti
1562 612 1729 667 gurgite

193 683 482 724 sorberemur?
527 681 568 722 in
612 682 696 723 ista
741 681 850 721 enim
898 681 1092 722 conluuie
1145 695 1308 723 morum
1359 682 1640 735 pessimorum
1691 685 1733 724 et

193 753 348 795 ueteris
381 753 568 806 perditae
603 752 848 806 disciplinae
882 752 1059 793 maxime
1093 753 1235 793 uenire
1264 766 1310 793 ac
1338 754 1560 795 subuenire
1589 754 1734 795 debuit

195 824 389 865 caelestis
425 824 668 872 auctoritas,
704 836 809 876 quae
841 822 1124 863 uoluntariam
1158 826 1464 877 paupertatem,
1501 837 1606 877 quae
1640 837 1733 866 con-

196 895 428 944 tinentiam,
456 894 802 944 beniuolentiam,
822 893 1031 935 iustitiam
1060 896 1185 948 atque
1214 895 1479 936 concordiam
1505 909 1732 949 ueramque

194 967 394 1021 pietatem
440 965 712 1019 persuaderet
757 967 1002 1018 ceterasque
1048 965 1161 1006 uitae
1206 966 1439 1007 luminosas
1483 966 1733 1019 ualidasque

197 1039 374 1079 uirtutes
402 1050 480 1077 non
511 1038 674 1077 tantum
695 1038 864 1089 propter
883 1036 1010 1076 istam
1031 1035 1164 1076 uitam
1186 1037 1485 1078 honestissime
1509 1037 1732 1091 gerendam

196 1122 269 1150 nec
296 1110 459 1149 tantum
486 1110 652 1160 propter
674 1107 860 1149 ciuitatis
881 1109 1069 1148 terrenae
1092 1108 1462 1150 concordissimam
1486 1109 1732 1150 societatem

197 1193 344 1221 uerum
385 1179 509 1220 etiam
550 1180 718 1232 propter
763 1178 1075 1232 adipiscendam
1124 1179 1420 1232 sempiternam
1467 1180 1648 1220 salutem
1694 1181 1735 1220 et

199 1250 441 1304 sempiterni
476 1249 696 1291 cuiusdam
732 1250 879 1302 populi
912 1250 1137 1291 caelestem
1173 1250 1444 1304 diuinamque
1478 1264 1564 1291 rem
1597 1250 1735 1303 publi-

199 1335 303 1371 cam,
338 1321 404 1362 cui
437 1334 512 1361 nos
547 1321 662 1362 ciues
697 1321 897 1362 adsciscit
929 1320 1045 1371 fides,
1081 1334 1191 1374 spes,
1221 1321 1386 1371 caritas,
1415 1323 1475 1372 ut,
1506 1334 1630 1374 quam
1664 1321 1734 1362 diu

199 1392 292 1433 inde
324 1392 654 1445 peregrinamur,
681 1392 866 1433 feramus
901 1404 986 1442 eos,
1016 1392 1051 1432 si
1085 1392 1290 1446 corrigere
1324 1405 1402 1433 non
1430 1392 1636 1434 ualemus,
1665 1391 1736 1445 qui

198 1463 316 1504 uitiis
343 1462 548 1515 inpunitis
575 1464 726 1503 uolunt
753 1465 864 1503 stare
890 1476 977 1503 rem
1005 1463 1232 1516 publicam,
1256 1476 1378 1516 quam
1408 1463 1532 1516 primi
1560 1462 1736 1504 Romani

200 1535 511 1576 constituerunt
544 1535 829 1586 auxeruntque
862 1534 1095 1575 uirtutibus
1131 1534 1210 1575 etsi
1243 1547 1322 1575 non
1355 1534 1557 1575 habentes
1589 1546 1734 1575 ueram

197 1606 399 1659 pietatem
446 1618 541 1659 erga
588 1605 712 1646 deum
757 1618 921 1655 uerum,
969 1618 1073 1658 quae
1118 1605 1213 1647 illos
1260 1605 1385 1646 etiam
1430 1605 1471 1646 111
1524 1607 1733 1646 aeternam

199 1677 415 1718 ciuitatem
444 1679 589 1729 posset
617 1677 773 1717 salubri
794 1676 998 1730 religione
1019 1677 1260 1730 perducere,
1283 1677 1571 1718 custodientes
1592 1678 1732 1716 tamen

200 1749 405 1801 quandam
442 1748 507 1788 sui
540 1747 704 1801 generis
738 1747 1005 1800 probitatem.
1035 1761 1139 1800 quae
1172 1750 1319 1801 posset
1349 1755 1535 1788 terrenae
1569 1746 1734 1788 ciuitati

199 1819 532 1868 constituendae,
567 1819 783 1871 augendae
817 1819 1210 1872 conseruandaeque
1245 1819 1449 1861 sufficere.
1486 1819 1588 1860 deus
1622 1818 1732 1859 enim

248 1959 263 1992 1
293 1958 344 2002 in]
375 1960 410 1991 et
435 1957 470 1990 in
498 1957 537 1991 D
635 1957 853 2000 dimergeret
877 1957 912 1990 A
1009 1957 1101 1990 istae
1129 1959 1165 2000 (a
1192 1969 1235 1991 m.
1263 1960 1281 1990 1
1308 1958 1400 2001 exp.)
1426 1957 1474 1991 M
1557 1958 1577 1991 2
1604 1957 1730 2002 nequi-

198 2017 303 2051 811138
332 2017 376 2055 (ci
404 2018 497 2059 exp.)
522 2016 558 2049 P
654 2016 673 2049 3
702 2015 952 2060 adpraehensa
978 2016 1013 2051 R
1111 2017 1133 2050 4
1159 2017 1304 2050 itauiles
1331 2017 1370 2050 D
1502 2017 1597 2050 mala
1623 2016 1732 2050 HOP

244 2077 279 2110 in
306 2077 399 2110 male
425 2076 498 2111 ER
567 2077 587 2108 Γ)
615 2076 871 2121 impellentius,
899 2087 942 2109 m.
971 2079 990 2109 1
1016 2087 1104 2110 corr.
1133 2076 1396 2121 impellentium
1424 2076 1467 2109 H
1561 2076 1665 2110 basto
1692 2076 1730 2110 D

244 2137 388 2181 gurgite
416 2136 549 2180 arrepti
578 2147 632 2169 (ιε
658 2135 802 2180 gurgite
830 2135 970 2180 abrepti
989 2136 1120 2179 flrm
1243 2136 1379 2170 abrec-ti
1406 2135 1444 2169 D
1566 2136 1729 2180 gurgites

198 2195 402 2229 orberemur
427 2194 463 2229 R
489 2195 653 2239 gurgites
680 2195 904 2229 sorberemur
930 2195 973 2228 H
1045 2196 1064 2228 6
1093 2195 1306 2229 conluuione
1332 2195 1405 2229 ER
1492 2195 1509 2227 Τ
1539 2194 1728 2229 subbenirc

197 2254 235 2288 D
309 2254 329 2287 ὅ
357 2258 390 2297 q,
417 2265 460 2286 m.
491 2256 515 2287 2
539 2264 656 2297 supra
683 2265 725 2297 118
752 2253 799 2287 Μ
873 2255 915 2288 10
940 2254 1140 2288 luminosus
1166 2254 1205 2287 Ε
1285 2255 1324 2288 11
1353 2253 1606 2297 generandam,
1632 2265 1676 2286 m.
1705 2256 1730 2287 2

196 2312 387 2356 gerendam
414 2312 449 2345 P
505 2313 546 2345 12
575 2312 741 2346 ciuitates
768 2312 803 2346 R
900 2316 1078 2346 terrenam
1105 2313 1143 2346 Ε
1205 2314 1246 2347 13
1274 2315 1419 2357 propter
1446 2323 1511 2346 om.
1539 2313 1578 2346 Ε
1672 2324 1727 2346 sa-

196 2372 307 2405 lutem
328 2383 393 2405 (mi.
413 2371 443 2405 (J
493 2372 535 2405 14
554 2372 798 2415 sempiternis:¹¹¹
821 2374 962 2415 (parua
984 2372 1072 2417 ras.)
1087 2371 1136 2405 M
1184 2373 1225 2405 15
1248 2371 1425 2405 adsciscet
1442 2371 1478 2404 Ε
1498 2371 1672 2405 adscistet
1692 2370 1727 2404 R

195 2430 349 2464 adsciuit
375 2432 409 2464 A
532 2441 637 2474 quam
664 2430 797 2474 diuine,
824 2442 867 2464 m.
896 2434 914 2464 1
941 2441 1031 2465 corr.
1062 2442 1166 2475 quam
1194 2430 1254 2464 diu
1280 2430 1362 2464 inde
1392 2430 1432 2463 H
1520 2431 1561 2464 16
1590 2449 1603 2462 1
1630 2440 1726 2474 pere-

197 2490 378 2533 grinamur
403 2490 497 2532 (fuit
525 2496 556 2532 a>
583 2489 628 2522 H
720 2490 890 2523 feriamus
918 2491 952 2524 A
1058 2491 1235 2534 corripere
1262 2489 1335 2524 ER
1459 2490 1500 2523 17
1528 2489 1724 2533 publicam]

195 2561 258 2594 per
282 2549 355 2583 ER
408 2550 449 2582 1-8·
478 2549 717 2582 constiterunt
743 2560 981 2593 auxerunque,
1009 2561 1053 2583 m.
1080 2552 1099 2582 1
1126 2560 1215 2600 corr,
1244 2549 1510 2582 constituerunt
1536 2550 1725 2582 auxerunt—

198 2637 264 2670 que
291 2626 339 2659 ῙΙῘ
452 2625 618 2669 uirtibuS,
645 2637 689 2659 m.
719 2628 743 2659 2
769 2626 967 2659 uirtutibus
999 2626 1029 2660 C
1133 2627 1175 2660 19
1204 2603 1236 2672 (Ξ,
1262 2637 1335 2659 ras.
1365 2603 1384 2670 q
1412 2626 1460 2658 M
1542 2626 1587 2659 20
1613 2625 1728 2670 possit

195 2685 308 2720 DER
399 2687 440 2719 21
471 2685 587 2729 possit
611 2685 647 2720 R
744 2687 898 2722 terrena,
925 2698 969 2719 m.
998 2688 1023 2720 2
1048 2688 1211 2720 terrenae
1239 2685 1287 2719 Μ
1311 2687 1478 2719 aeternae
1507 2685 1540 2718 A
1639 2684 1725 2717 ciui-

195 2744 282 2777 tatis
308 2744 386 2777 DE
410 2747 438 2786 (s
464 2756 508 2778 m.
538 2747 556 2777 1
584 2743 678 2789 emp.)
801 2744 846 2777 ‘22
874 2745 1105 2779 constiendae
1131 2744 1167 2779 R
1301 2743 1462 2789 agendae
1489 2744 1531 2776 H
1655 2742 1726 2777 sus-

196 2804 316 2837 ficere*
338 2803 382 2836 M
409 2803 587 2837 sufficeret
613 2804 649 2837 A

1760 977 1794 1002 10

1761 1332 1794 1358 15

1760 1689 1793 1713 20
