1844 3122
78 989 110 1013 10

81 1344 111 1368 15

619 198 971 242 epistularum
1011 197 1186 233 CXXVII.
1608 203 1660 242 21

133 331 261 372 suos?
296 328 366 382 qui
399 330 539 368 tamen
573 325 760 381 periculo
789 325 880 367 eius
909 338 1032 380 saepe
1058 326 1215 368 turbati
1244 327 1369 370 citius
1397 341 1487 370 eam
1515 328 1665 370 finiunt

134 413 181 442 eo
214 400 320 454 ipso,
350 412 431 452 quo
464 398 580 439 finire
614 397 853 448 formidant,
881 400 923 438 et
955 399 1133 439 mortem
1167 398 1264 440 dum
1300 399 1523 450 declinant,
1552 412 1664 442 acce-

132 473 279 520 lerant,
318 470 451 512 ueluti
492 469 526 510 si
566 469 791 523 quisquam
835 468 964 510 fluuio
1010 469 1233 522 rapiendus
1279 470 1417 512 inruat
1460 472 1663 513 latronem

134 542 368 585 bestiamue
402 540 613 594 fugiendo.
647 540 807 581 iactant
838 540 878 581 in
912 553 1025 582 mare
1059 543 1310 594 tempestate
1345 542 1560 584 saeuiente
1595 542 1665 583 ali-

135 613 298 668 quando
332 614 374 654 et
405 612 604 653 alimenta
637 613 691 660 et,
725 613 773 652 ut
811 611 973 661 uiuant,
1006 611 1231 664 proiciunt.
1265 612 1376 654 unde
1414 613 1581 662 uiuunt,
1616 626 1664 654 ne

135 685 219 727 cito
259 684 439 735 finiatur,
478 682 589 736 quod
633 683 703 724 uel
746 682 787 723 in
831 682 973 724 labore
1018 682 1194 724 uiuitur.
1239 684 1406 737 quantis
1450 684 1665 726 laboribus

135 755 287 810 agitur,
322 758 369 796 ut
400 754 588 808 longiore
620 756 808 807 tempore
841 752 1072 795 laboretur!
1108 756 1148 794 et
1183 766 1293 796 mors
1322 767 1417 796 cum
1444 755 1665 809 inpendere

136 825 334 880 coeperit,
359 825 452 867 ideo
480 827 666 875 cauetur,
694 826 742 865 ut
768 824 928 866 diutius
961 824 1173 866 timeatur,
1200 838 1295 866 nam
1320 825 1429 867 inter
1454 828 1517 868 tot
1544 838 1665 867 casus

135 896 377 951 fragilitatis
416 897 621 937 humanae
661 908 785 948 quam
830 896 988 937 multae
1033 898 1189 938 moltes
1234 896 1450 946 timentur,
1490 909 1665 950 quarum

136 971 247 1010 certe
286 981 368 1009 una
406 979 502 1008 cum
541 966 717 1017 uenerit,
757 968 888 1008 restat
927 968 1087 1008 ceteras
1127 980 1206 1009 non
1246 967 1404 1009 timeri!
1447 970 1489 1009 et
1528 970 1664 1009 tamen

134 1039 299 1094 sugitur
323 1051 417 1087 una,
440 1040 489 1080 ut
514 1050 657 1080 omnes
679 1038 921 1080 timeantur.
949 1038 1103 1092 quibus
1126 1038 1416 1080 excruciantur
1436 1039 1665 1087 doloribus,

137 1111 208 1164 qui
241 1113 438 1152 curantur
470 1123 492 1151 a
524 1109 698 1151 medicis
732 1111 774 1151 et
806 1111 1018 1151 secantur!
1054 1109 1258 1164 numquid
1292 1112 1338 1151 ut
1370 1123 1448 1152 non
1489 1110 1666 1151 morian-

136 1184 235 1224 tur?
269 1181 342 1222 sed
381 1183 429 1222 ut
466 1180 678 1234 aliquanto
718 1180 853 1222 serius
892 1180 1137 1222 moriantur.
1172 1180 1296 1222 multi
1331 1181 1541 1223 cruciatus
1576 1194 1669 1222 sus-

137 1253 350 1306 cipiuntur
370 1251 487 1301 certi,
509 1254 555 1293 ut
580 1252 702 1304 pauci
730 1251 818 1293 dies
845 1251 1079 1293 adiciantur
1103 1252 1264 1301 incerti,
1287 1255 1328 1294 et
1353 1265 1665 1305 nonnumquam

136 1323 243 1378 ipsis
276 1323 491 1365 doloribus
525 1323 627 1364 uicti
667 1323 865 1364 continuo
905 1323 1154 1373 moliuntur,
1188 1336 1293 1376 quos
1332 1324 1480 1365 mortis
1519 1324 1667 1364 timore

139 1395 390 1449 suscipiunt.
425 1396 467 1436 et
499 1407 594 1436 cum
628 1394 796 1436 omnino
829 1406 908 1436 non
943 1393 1102 1448 eligant
1134 1394 1265 1436 uitam
1304 1394 1435 1444 finire,
1469 1408 1518 1436 ne
1557 1394 1667 1436 dole-

139 1469 222 1515 ant,
257 1465 331 1507 sed
365 1465 518 1508 dolere.
546 1478 595 1506 ne
628 1465 788 1513 finiant,
817 1465 971 1506 accidit
997 1465 1070 1516 eis,
1099 1468 1147 1506 ut
1180 1468 1220 1507 et
1248 1465 1416 1507 doleant
1444 1469 1485 1508 et
1512 1466 1669 1515 finiant,

141 1550 217 1579 non
253 1537 391 1578 solum
424 1537 520 1590 quia
560 1539 602 1578 et
640 1536 774 1577 sanati
813 1537 943 1577 uitam
983 1537 1131 1590 utique
1169 1536 1318 1578 finiunt
1355 1539 1451 1590 post
1489 1536 1668 1579 dolores.

139 1620 244 1661 quae
277 1608 404 1649 tantis
436 1607 582 1662 poenis
616 1610 855 1661 comparata
887 1620 962 1648 nec
989 1607 1243 1661 sempiterna
1270 1621 1363 1650 esse
1389 1610 1544 1662 potest2
1572 1608 1669 1661 quia

191 1795 204 1827 1
236 1793 312 1827 cius
340 1792 497 1838 periculo
523 1792 559 1826 P
655 1793 674 1825 2
703 1803 771 1837 quo
799 1802 866 1826 om.
894 1791 933 1825 E
957 1802 989 1837 q,
1017 1802 1061 1825 m.
1089 1793 1114 1826 2
1140 1802 1210 1836 qua
1235 1791 1282 1825 M
1396 1803 1518 1827 accere
1544 1793 1666 1837 spatio

140 1855 239 1886 3--4
268 1853 289 1887 l.
319 1853 453 1892 relicto,
481 1863 524 1886 m.
554 1854 579 1885 2
605 1851 806 1886 accelerant
835 1851 865 1885 C
1007 1852 1027 1885 3
1055 1851 1084 1885 si
1113 1862 1192 1891 om,
1218 1862 1263 1885 m.
1291 1855 1331 1885 ut
1357 1851 1434 1886 uid.
1461 1854 1480 1886 1
1507 1851 1592 1886 add.
1620 1851 1668 1886 Ρ1

186 1911 307 1952 fluuia,
334 1921 425 1946 corr.
452 1911 561 1945 fluuio
587 1911 615 1945 Ι
772 1910 886 1944 irruat
911 1911 946 1944 in
973 1910 1149 1945 latronem
1176 1910 1329 1945 bestiam
1358 1910 1529 1955 fugiendo
1558 1911 1673 1945 HPE

184 1971 354 2013 lammam,
375 1982 419 2004 m.
440 1972 457 2003 1
477 1980 567 2005 corr.
590 1970 765 2004 latronem
787 1969 835 2003 M
903 1971 924 2004 4
945 1972 1164 2015 tempestate
1185 1969 1378 2004 saeuiende
1394 1970 1429 2004 P
1445 1974 1665 2015 tempestan¹

140 2030 302 2064 seuiente
334 2032 391 2072 (m.
419 2031 445 2063 2
475 2031 713 2074 tempestates
746 2030 938 2067 seuientes,
971 2028 1034 2062 sed
1063 2032 1256 2072 utrumque
1288 2040 1303 2062 s
1337 2031 1430 2073 emp.)
1457 2029 1505 2063 M
1533 2033 1667 2074 tempe-

141 2092 235 2123 state
262 2088 466 2123 saeuientes
492 2089 514 2122 1
593 2090 613 2122 5
642 2088 745 2122 uiunt
773 2088 815 2122 H
837 2090 895 2130 (m.
918 2091 936 2121 1
961 2098 1053 2123 corr.
1082 2089 1224 2131 uiuunt)
1251 2088 1291 2123 Ε
1314 2088 1456 2122 uiuuint
1482 2090 1515 2122 A
1543 2089 1667 2123 uiuant

140 2147 238 2183 MP²
262 2151 319 2190 (m.
346 2150 371 2182 2
397 2149 540 2191 uiuunt)
637 2158 702 2182 nec
728 2150 759 2191 (c
786 2148 868 2184 del.)
900 2147 930 2182 C
1000 2148 1021 2181 6
1049 2147 1332 2192 quod—uiuitur
1357 2158 1423 2182 om.
1444 2147 1480 2181 P
1551 2149 1570 2183 7
1599 2148 1669 2182 uti-

139 2210 198 2242 tur
225 2207 340 2242 HPE
397 2209 417 2241 8
445 2210 501 2241 tot
528 2208 646 2251 casus]
675 2218 864 2242 oceasasus
891 2210 943 2251 (as
971 2206 1054 2251 del.)
1081 2206 1123 2240 H
1147 2217 1294 2242 occasus
1320 2207 1394 2241 PE
1454 2208 1497 2242 10
1525 2207 1669 2253 celrste

139 2268 228 2311 (ras,
256 2269 350 2301 1-2
376 2268 428 2311 Li,
455 2277 546 2302 corr.
575 2269 634 2308 (m.
666 2266 727 2309 112)
756 2267 900 2312 cexx'wte
926 2265 977 2300 1³²
1051 2266 1088 2300 11
1120 2266 1175 2309 ut}
1205 2276 1282 2300 cum
1314 2263 1395 2300 CP²
1420 2265 1499 2301 edd.
1521 2270 1671 2310 praeter

141 2338 173 2360 m
309 2326 550 2363 cxcuciantur.
576 2337 669 2361 corr.
698 2335 756 2360 (m.
783 2325 849 2369 1?)
877 2325 1124 2360 excruciantur
1150 2326 1176 2360 I
1296 2326 1338 2359 12
1366 2325 1426 2370 qui
1455 2330 1624 2360 curantur
1651 2337 1669 2359 a

139 2385 288 2420 medicis
315 2386 363 2430 et]
393 2386 451 2430 qui
480 2388 648 2420 curantur
674 2385 858 2419 doloribus
879 2388 915 2419 et
935 2383 1013 2419 ΗΡ
1032 2384 1088 2419 ucl
1110 2385 1236 2419 ceteris
1263 2385 1404 2419 omissis
1425 2385 1462 2419 E
1534 2385 1576 2419 13
1605 2385 1668 2418 :11³-

142 2447 335 2488 quantoser
360 2444 415 2478 uis
446 2443 476 2478 C
500 2443 693 2488 aliquando
722 2443 834 2477 serius
862 2442 960 2476 11¹3!
1089 2442 1195 2476 inulti
1223 2443 1401 2477 cruciatus
1428 2443 1672 2487 suscipiuntur

141 2514 220 2546 om,
241 2514 285 2539 m.
301 2505 326 2537 2
347 2502 433 2537 add.
457 2503 482 2537 Ι
551 2503 807 2548 suspiciuntur.
829 2513 872 2535 m.
894 2506 933 2536 ut
956 2501 1031 2535 uid.
1054 2504 1071 2535 1
1092 2513 1181 2538 corr.
1210 2502 1455 2546 suscipiuntur
1477 2501 1522 2535 1²¹
1551 2502 1668 2546 suspi-

142 2563 292 2605 tiuntur,
319 2573 362 2598 m.
392 2565 416 2596 2
442 2563 684 2607 suscipiuntur
710 2562 758 2596 Γ)
835 2562 877 2595 14
904 2563 955 2606 et}
985 2565 1024 2595 ut
1051 2552 1111 2595 E'
1183 2571 1466 2605 non-numquam
1494 2561 1626 2604 &fecitne
1649 2574 1669 2604 q

141 2621 182 2655 in
208 2631 280 2655 ras.
297 2622 328 2664 12)
355 2620 403 2655 Ρ1
499 2622 540 2655 1-5
568 2621 654 2655 uicti
681 2631 748 2655 om.
775 2621 891 2655 HPE
933 2648 938 2655 ,
984 2620 1132 2654 timores
1159 2620 1185 2653 I
1275 2620 1316 2653 16
1344 2620 1589 2664 suscipiuntur
1616 2625 1671 2657 (nr

142 2681 226 2723 del.)
252 2681 292 2715 H
389 2682 447 2725 ne}
476 2692 540 2715 nec
568 2681 606 2715 E
691 2681 732 2715 17
761 2680 822 2715 sed
850 2679 970 2714 dolere
997 2691 1039 2714 ne
1068 2680 1193 2714 finiant
1220 2690 1286 2714 om.
1316 2678 1366 2712 Ρ2
1464 2679 1585 2713 dolore
1613 2679 1669 2712 JA

142 2739 298 2773 dolorem
320 2739 433 2773 III’E
503 2750 546 2773 ne
566 2750 634 2774 om.
656 2739 681 2773 I
745 2749 802 2783 pr.
823 2742 860 2773 et
879 2750 946 2772 om.
970 2737 1159 2772 IMAOP²
1185 2737 1263 2773 edd.
1337 2739 1378 2771 1)ζ
1407 2738 1531 2781 utique
1559 2738 1669 2771 uitam

142 2797 222 2834 edd.
300 2798 341 2832 19
370 2798 535 2842 poenitus
564 2802 616 2840 (tn
645 2810 690 2832 m.
718 2800 743 2831 2
769 2798 851 2832 del.)
879 2797 927 2831 1²²
1024 2808 1105 2842 qua,
1132 2808 1222 2831 corr.
1253 2800 1311 2830 (m.
1340 2796 1413 2830 212»
1444 2796 1526 2841 qnia
1556 2795 1594 2830 H
