1952 3118
608 192 959 237 epistularum
1000 191 1154 227 CLXIV.
1552 196 1636 236 525

112 321 266 378 patriae
300 321 435 363 salute
469 323 736 375 contemptus
771 325 1043 376 seruataeque
1075 322 1172 364 fidei
1198 335 1277 364 non
1307 323 1444 364 solum
1472 323 1637 365 ciuibus

108 406 254 435 uerum
281 394 323 434 et
348 392 543 434 hostibus
576 392 768 433 imitandi
801 393 949 435 merito
983 396 1293 447 proponantur?
1327 407 1432 447 quae
1467 394 1634 447 quidem

109 464 259 513 omnia,
287 463 453 517 quando
480 476 560 505 non
589 463 824 505 referuntur
845 464 896 505 ad
917 464 1041 506 finem
1068 467 1206 506 rectae
1234 478 1440 519 ueraeque
1466 465 1637 519 pietatis

109 535 182 577 sed
213 534 264 576 ad
296 534 453 576 fastum
491 534 656 576 inanem
695 535 901 577 humanae
934 535 1071 577 laudis
1106 538 1147 578 et
1179 537 1350 591 gloriae.
1386 537 1511 578 etiam
1545 537 1636 590 ipsa

106 606 351 648 inanescunt
383 605 563 659 quodam
596 605 720 647 modo
755 606 999 659 steriliaque
1031 606 1275 650 redduntur.
1316 620 1464 649 uerum
1496 609 1635 649 tamen

108 676 286 732 quadam
331 677 469 718 indole
513 676 640 718 animi
677 676 736 718 ita
774 676 997 728 delectant,
1044 680 1091 719 ut
1130 691 1214 728 eos,
1260 678 1299 719 in
1341 678 1493 732 quibus
1533 678 1635 719 haec

107 748 288 797 fuerunt,
334 747 542 789 uellemus
580 748 650 789 uel
687 748 910 802 praecipue
950 749 1020 790 uel
1065 761 1161 790 cum
1202 749 1351 791 ceteris
1398 749 1446 790 ab
1486 749 1634 790 inferni

107 818 361 860 cruciatibus
405 818 586 869 liberari,
632 818 713 859 nisi
759 818 880 860 aliter
924 831 967 860 se
1012 819 1186 861 haberet
1230 833 1379 862 sensus
1426 819 1634 861 humanus

107 889 227 931 aliter
257 889 423 931 iustitia
457 889 668 931 creatoris.

166 958 280 1011 Quae
314 972 408 1001 cum
442 960 501 1002 ita
534 960 630 1011 sint,
671 960 706 1002 si
739 973 883 1003 omnes
917 961 1012 1002 inde
1047 961 1176 1003 soluit
1209 962 1396 1003 saluator
1428 964 1481 1011 et,
1508 961 1634 1016 ‚sieut

104 1031 315 1086 requirens
355 1032 575 1086 scripsisti,
619 1031 845 1073 exinaniuit
889 1032 1059 1082 inferna7
1106 1035 1154 1074 ut
1192 1033 1386 1087 deinceps
1431 1032 1631 1074 iudicium

106 1103 187 1144 iam
226 1105 514 1157 expectaretur
552 1105 797 1152 extremum,
836 1103 939 1144 haec
978 1104 1089 1153 sunt,
1130 1115 1235 1156 quae
1275 1103 1316 1144 in
1355 1103 1432 1144 hac
1472 1115 1514 1144 re
1553 1115 1632 1144 non

105 1173 296 1216 inmerito
322 1176 507 1225 mouent,
542 1187 646 1228 quae
679 1174 784 1215 mihi
810 1174 978 1216 interim
1006 1174 1209 1229 cogitanti
1236 1175 1373 1215 solent
1399 1187 1631 1215 occurrere:

103 1244 299 1299 primum,
348 1258 430 1298 qua
467 1245 718 1287 auctoritate
756 1244 946 1286 firmetur
988 1245 1072 1287 ista
1110 1245 1327 1287 sententia.
1373 1245 1484 1298 quod
1523 1245 1631 1286 enim

104 1315 307 1370 scriptum
351 1319 416 1358 est
457 1316 497 1357 in
544 1318 677 1358 morte
724 1315 880 1358 Christi
926 1317 1084 1357 factum
1131 1316 1316 1358 solutis
1370 1316 1631 1358 doloribus

103 1386 299 1437 inferni,
344 1388 414 1429 uel
452 1387 503 1429 ad
541 1388 682 1442 ipsum
726 1390 867 1441 potest
911 1387 1100 1442 intellegi
1144 1387 1364 1441 pertinere,
1410 1387 1523 1442 quod
1562 1400 1631 1429 eos

102 1457 301 1499 hactenus
336 1459 524 1509 soluerit,
558 1460 637 1500 hoc
671 1461 736 1500 est
767 1458 914 1500 inritos
949 1458 1107 1509 fecerit,
1140 1471 1190 1499 ne
1224 1458 1273 1500 ab
1308 1459 1369 1500 eis
1401 1459 1491 1512 ipse
1519 1462 1631 1500 tene-

102 1532 226 1580 retur,
253 1530 497 1583 praesertim
527 1531 626 1584 quia
653 1530 862 1584 sequitur:
896 1531 948 1572 In
978 1529 1161 1584 quibus
1188 1529 1491 1584 inpossibile
1521 1531 1628 1571 erat

102 1601 258 1642 teneri
298 1613 422 1651 eum,
462 1601 543 1651 uel,
579 1601 615 1642 si
654 1613 779 1642 causa
818 1600 1044 1654 quaeritur,
1085 1613 1160 1641 cur
1196 1600 1382 1642 uoluerit
1412 1600 1554 1642 uenire
1588 1600 1627 1641 in

101 1670 320 1722 infernum,
360 1672 432 1713 ubi
473 1672 637 1714 dolores
676 1671 740 1713 illi
779 1673 932 1721 essent,
978 1671 1131 1725 quibus
1170 1671 1302 1713 teneri
1341 1672 1508 1713 omnino
1548 1684 1626 1713 non

101 1746 276 1796 poterat,
325 1744 395 1796 qui
442 1746 542 1793 erat,
588 1746 636 1784 ut
679 1743 885 1796 scriptum
931 1754 1008 1792 est,
1054 1743 1099 1784 in
1146 1743 1359 1785 mortuis
1404 1743 1544 1792 liber,
1586 1743 1627 1784 in

102 1827 181 1868 quo
213 1815 407 1868 princeps
441 1817 482 1855 et
512 1814 778 1867 praepositus
810 1814 958 1855 mortis
991 1826 1070 1855 non
1103 1814 1266 1855 inuenit
1303 1813 1476 1867 aliquid,
1516 1813 1627 1867 quod

101 1886 308 1939 supplicio
342 1885 573 1934 deberetur,
607 1886 686 1926 hoc
719 1885 896 1927 scilicet.
931 1885 1041 1939 quod
1076 1885 1281 1939 scriptum
1314 1887 1392 1935 est,
1426 1884 1627 1926 ‘solutis

102 1956 358 1999 doloribus
391 1957 588 1998 inferni'
621 1970 700 1998 non
728 1956 769 1998 in
797 1956 992 1998 omnibus
1027 1957 1098 1998 sed
1134 1957 1173 1998 in
1208 1956 1460 2010 quibusdam
1495 1955 1627 2009 accipi

217 2141 354 2175 11—12
381 2141 423 2175 cf.
451 2153 482 2186 p.
511 2141 591 2181 521,
619 2141 710 2175 7-8
786 2141 844 2181 15;
876 2141 917 2174 18
944 2140 1022 2174 Act.
1051 2140 1083 2183 2,
1110 2140 1156 2174 24
1230 2140 1271 2174 21
1302 2140 1358 2174 Ps.
1385 2140 1442 2179 87,
1469 2141 1490 2174 6

150 2259 164 2293 1
193 2260 400 2304 contemptu
427 2257 615 2293 MACPG
641 2259 722 2302 afl
747 2261 930 2293 contemtu
956 2258 996 2292 F
1018 2261 1246 2303 contemptae
1272 2268 1322 2292 er
1406 2257 1427 2290 2
1455 2268 1624 2291 uerum—

102 2318 245 2362 pietatis
271 2329 337 2353 om.
364 2318 400 2352 A
509 2329 631 2352 uerum
660 2318 769 2352 etiam
798 2320 834 2352 et
859 2320 910 2361 (et
936 2319 1030 2361 exp.)
1056 2317 1097 2351 N
1198 2321 1283 2361 post
1307 2315 1474 2351 imitandi
1496 2327 1623 2360 parua

101 2387 173 2411 ras.
198 2376 240 2411 N
333 2377 460 2411 merito
487 2388 554 2412 om.
582 2376 625 2411 N
712 2378 732 2411 3
759 2376 970 2413 referentur,
997 2388 1040 2412 m.
1070 2378 1095 2411 2
1121 2376 1321 2410 referuntur
1347 2376 1381 2410 P
1453 2376 1472 2408 4
1501 2374 1561 2408 sed
1590 2377 1623 2407 et

102 2434 145 2470 ad
170 2438 220 2479 (et
244 2447 289 2470 m.
317 2439 342 2470 2
367 2435 450 2478 del.)
476 2436 511 2469 P
583 2437 658 2481 ipsc
686 2436 723 2469 1⁸
788 2437 808 2469 5
837 2447 903 2480 que
923 2475 924 2480 ¹
944 2435 1119 2475 ammodo,
1148 2447 1190 2469 m.
1219 2438 1244 2469 2
1270 2446 1338 2479 quo
1378 2433 1566 2468 dammodo
1592 2433 1623 2466 G

101 2494 122 2529 6
148 2494 298 2541 quedam
324 2495 456 2536 indolo,
483 2507 526 2530 m.
555 2498 580 2530 2
606 2495 758 2540 quadam
787 2494 906 2529 indole
934 2494 969 2528 P
1129 2486 1321 2530 delectant,
1351 2506 1392 2527 m.
1415 2496 1439 2526 2
1466 2493 1622 2526 delecta-

102 2564 178 2588 111111·
201 2554 237 2588 Ρ
379 2555 398 2588 7
427 2566 502 2589 011111
529 2565 610 2596 om,
636 2566 679 2588 m.
708 2557 733 2588 2
759 2554 842 2588 adel.
872 2554 906 2587 P
1042 2556 1062 2587 8
1089 2553 1198 2587 habet
1226 2553 1295 2588 PG
1323 2556 1380 2594 (m.
1410 2555 1434 2585 2
1461 2551 1622 2593 liaberet)

102 2611 142 2647 11
171 2613 359 2655 exinawuit,
385 2625 430 2648 m.
458 2617 483 2648 2
509 2614 611 2648 exina
638 2614 731 2648 niuit
756 2613 804 2647 Μ
972 2613 1014 2647 14
1041 2613 1192 2659 primuni
1221 2614 1304 2657 quia
1332 2612 1355 2653 (i
1384 2611 1465 2652 del.)
1496 2610 1526 2643 ζ’
1550 2610 1621 2655 pri-

101 2672 210 2717 nmq·}
238 2672 274 2706 P
394 2674 436 2707 16
463 2684 551 2713 sum,
579 2684 623 2707 m.
652 2676 670 2707 1
696 2683 785 2707 corr.
814 2673 928 2717 ipsum
960 2671 995 2705 J‹'
1116 2672 1157 2706 19
1185 2672 1213 2706 si
1241 2682 1320 2706 ουτ..
1350 2682 1391 2703 m.
1421 2673 1437 2703 1
1465 2668 1552 2705 add.
1579 2669 1626 2702 ,il

143 2735 227 2774 post
253 2731 408 2766 uoluerit
433 2743 505 2766 ras.
534 2734 629 2766 1—2
655 2732 677 2767 l.
708 2732 737 2765 (J
796 2732 841 2765 20
868 2731 973 2774 illi=ij
1005 2734 1092 2773 (ras.
1122 2733 1214 2764 1—:2
1241 2731 1277 2772 Ι.)
1304 2729 1338 2763 Ρ
1403 2729 1444 2762 ‘21
1475 2732 1621 2772 ‹imerat

96 2790 195 2833 <suit
220 2792 252 2833 a)
278 2790 314 2824 P
339 2791 421 2836 quia
447 2794 524 2826 erat
541 2791 639 2835 flm
712 2791 757 2825 24
784 2791 819 2824 in
847 2789 1062 2829 hominibus,
1090 2801 1133 2823 m.
1162 2792 1186 2823 2
1211 2789 1247 2823 in
1276 2787 1438 2822 omnibus
1470 2786 1502 2821 G
