1952 3118
620 191 971 236 epistularum
1011 190 1183 227 CXLVII.
1582 193 1667 234 279

137 323 246 364 unde
291 323 492 364 sciremus
538 333 631 363 esse
676 321 886 370 ciuitates,
931 321 1005 362 ubi
1050 334 1279 374 numquam
1326 321 1500 371 fuimus,
1543 321 1613 362 uel
1646 334 1668 361 a

137 393 316 435 Romulo
367 392 579 435 conditam
628 391 804 433 Romam
856 391 938 442 uel,
990 394 1037 433 ut
1088 391 1137 432 de
1189 391 1456 445 propioribus
1505 391 1666 444 loquar,

136 463 543 518 Constantinopolim
571 476 594 504 a
615 462 916 505 Constantino?
944 462 1053 504 unde
1085 464 1297 515 postremo
1333 462 1548 511 sciremus,
1578 462 1668 514 qui-

135 549 230 577 nam
291 538 484 588 parentes
546 547 621 576 nos
678 534 1027 587 procreauissent,
1086 533 1240 587 quibus
1297 534 1503 588 patribus,
1559 533 1665 583 auis,

135 607 364 648 maioribus
391 607 521 660 geniti
548 607 766 648 essemus?
793 606 943 647 talium
966 605 1120 659 quippe
1142 594 1246 646 cumv
1258 598 1441 658 plurima
1466 604 1666 654 sciamus,

134 689 214 719 non
253 682 393 719 tamen
432 690 480 719 ea
517 677 587 719 uel
630 676 717 718 ullo
764 689 889 718 sensu
933 676 1170 729 praesentia
1214 676 1326 717 sicut
1369 676 1515 726 solem,
1555 674 1667 716 sicut

134 749 267 790 nostri
294 749 420 790 animi
440 749 702 790 uoluntatem
723 748 792 788 uel
814 747 1109 789 canonicorum
1130 746 1394 800 eloquiorum
1415 746 1664 788 auctoritate

135 819 246 861 sicut
281 819 415 860 Adam
453 819 586 861 fuisse
624 819 806 873 primum
845 818 1058 860 hominem
1099 820 1183 859 aut-
1210 816 1426 859 Christum
1462 817 1504 858 in
1545 829 1664 858 carne

134 896 279 932 natum
310 903 567 944 passumque
592 889 868 932 resurrexisse
895 889 1121 931 didicimus
1149 889 1224 930 sed
1250 888 1344 930 aliis
1371 887 1664 937 referentibus,

72 975 109 1001 10
133 960 184 1002 'de
217 973 394 1015 quorum
426 961 669 1003 testimonio
696 960 736 1001 in
763 960 843 1002 hoc
877 960 977 1001 dum
1003 961 1118 1001 taxat
1148 972 1286 1001 rerum
1318 972 1467 1014 genere
1493 958 1664 1000 minime

134 1031 411 1074 dubitandum
456 1044 549 1074 esse
599 1031 860 1085 putauimus.
911 1030 951 1071 in
998 1029 1151 1084 quibus
1198 1030 1233 1072 si
1278 1030 1435 1071 alicubi
1478 1029 1666 1071 fallimur

133 1102 336 1144 credendo
369 1103 437 1144 uel
469 1103 529 1144 ita
561 1115 667 1153 esse,
696 1101 806 1155 quod
831 1102 891 1143 ita
917 1113 997 1143 non
1025 1104 1103 1151 est,
1130 1102 1201 1143 uel
1226 1114 1306 1143 non
1332 1101 1392 1142 ita
1418 1113 1523 1151 esse,
1552 1100 1663 1154 quod

131 1174 191 1215 ita
223 1177 302 1225 est,
335 1174 438 1216 nihil
471 1173 646 1228 periculi
678 1185 771 1216 esse
802 1173 1055 1223 iudicamus,
1089 1172 1133 1214 si·
1158 1185 1237 1214 non
1272 1173 1329 1214 sit
1366 1175 1509 1214 contra
1545 1171 1662 1212 illam

131 1245 271 1295 fidem,
311 1257 392 1298 qua
429 1240 564 1299 pietas
602 1245 864 1286 informatur.
902 1244 1005 1285 haec
1043 1244 1302 1297 praelocutio
1341 1256 1433 1285 mea
1477 1243 1661 1284 nondum

9 1305 13 1378 Ξ
72 1329 105 1356 15
131 1316 388 1370 propositam
423 1316 598 1357 discutit
630 1315 933 1368 quaestionem,
955 1310 1039 1356 sed
1072 1317 1113 1356 te
1151 1316 1278 1368 atque
1317 1314 1435 1364 alios,
1470 1314 1542 1367 qui
1580 1314 1663 1355 ista

129 1387 282 1429 lecturi
319 1390 431 1438 sunt,
468 1387 710 1440 praestruit,
750 1386 894 1440 quales
934 1399 1009 1428 seu
1047 1398 1236 1428 meorum
1270 1399 1344 1427 seu
1378 1385 1664 1440 quorumlibet

131 1459 380 1512 scriptorum
415 1458 577 1500 iudices
611 1471 703 1500 esse
737 1458 940 1508 debeatis,
972 1471 1023 1499 ne
1062 1458 1131 1498 uel
1170 1457 1277 1499 scire
1309 1469 1387 1498 uos
1419 1455 1659 1511 opinemini,

131 1530 244 1583 quod
268 1530 454 1580 nescitis,
475 1530 546 1571 uel
571 1532 727 1571 temere
755 1529 949 1578 credatis,
972 1529 1084 1582 quod
1105 1541 1240 1582 neque
1261 1528 1446 1582 corporis
1467 1528 1660 1570 sensibus

130 1606 203 1642 aut
236 1599 373 1642 ⁴animi
416 1600 608 1643 contuitu
652 1601 694 1642 in
740 1595 929 1642 eiusdem
974 1601 1045 1648 rei,
1092 1612 1197 1653 quae
1243 1599 1533 1652 cognoscenda
1583 1601 1660 1649 est,

71 1683 106 1711 zo
131 1672 343 1714 euidentia
356 1672 607 1726 percepistis
621 1685 755 1725 neque
770 1671 1063 1713 canonicarum
1078 1671 1381 1724 scriptura-rum
1394 1670 1660 1719 auctoritate,

130 1739 255 1784 etiam
300 1743 336 1784 si
380 1756 459 1785 non
499 1742 634 1784 adfuit
672 1743 866 1784 sensibus
905 1742 975 1783 uel
1013 1742 1142 1784 animi
1180 1741 1248 1784 uel
1288 1741 1473 1795 corporis
1512 1741 1659 1788 uestri,

128 1816 268 1854 tamen
301 1813 552 1855 credendum
586 1826 679 1854 esse
712 1812 934 1854 didicistis.

176 1965 197 1998 2
223 1964 323 1998 uelut
347 1964 382 1997 A
409 1963 465 1997 uel
493 1967 552 1997 ut*
572 1963 596 2007 (i
623 1965 733 2006 eras.)
759 1963 794 1996 P
908 1963 950 1998 dc
976 1974 1044 1999 om.
1079 1962 1197 1998 TT10
1295 1963 1536 2008 prop*ioribus
1562 1963 1658 2007 (fuit

128 2028 156 2063 r)
183 2023 218 2056 P
241 2022 486 2068 proprioribus
518 2021 709 2057 TT¹OFA
805 2022 934 2067 loquor
966 2021 1011 2056 Τ1
1091 2023 1111 2057 3
1139 2022 1445 2067 constantinopoli
1477 2022 1510 2056 T
1531 2023 1590 2065 (m.
1617 2026 1657 2056 ut

128 2081 204 2118 uid.
232 2084 257 2116 2
283 2099 326 2109 »ν
352 2080 461 2126 super
480 2085 596 2126 postr.
624 2082 645 2116 l.
675 2080 776 2124 add.)
808 2080 854 2115 Τ1
932 2082 954 2116 4
982 2081 1072 2115 auiis
1104 2080 1150 2115 Τ1
1224 2083 1245 2116 5
1271 2081 1387 2126 prima
1419 2080 1537 2116 TT¹0
1562 2093 1656 2126 pma,

128 2152 173 2175 m.
200 2144 225 2175 2
251 2141 403 2186 plurima
427 2141 462 2175 L
583 2142 602 2176 7
630 2141 740 2175 animi
766 2141 882 2175 nostri
908 2141 954 2176 M
1061 2141 1248 2175 uoluntate
1280 2139 1399 2175 TT¹O
1503 2140 1656 2175 auctori-

127 2203 224 2235 tate·
243 2203 291 2245 (m
317 2203 425 2243 eras.)
451 2200 488 2234 P
605 2200 627 2234 8
652 2199 834 2234 hominem
861 2200 903 2234 in
921 2199 1001 2244 fine
1025 2211 1061 2234 u.
1089 2209 1155 2234 om.
1182 2200 1214 2233 A
1321 2200 1358 2234 in
1385 2210 1488 2234 carne
1514 2200 1654 2243 natum]

128 2260 351 2294 incarnatum
383 2258 536 2294 TT1OL
633 2260 654 2294 9
680 2270 897 2304 passumque
925 2257 966 2294 a'e
992 2259 1224 2294 resurrexisse
1250 2258 1299 2293 M
1399 2259 1494 2304 aliis]
1523 2259 1595 2293 illis
1621 2260 1655 2292 A

130 2319 169 2353 11
198 2319 372 2364 putauim,
397 2330 442 2353 m.
470 2320 495 2353 2
520 2318 727 2363 putauimus
753 2318 797 2352 H
819 2317 1027 2363 putabimus
1058 2317 1178 2352 TT¹O
1253 2318 1297 2353 12
1323 2317 1499 2353 credendo
1528 2329 1594 2353 om.
1627 2318 1656 2351 0

174 2378 226 2412 ita
244 2378 328 2422 non]
348 2389 419 2412 non
439 2378 492 2412 ita
511 2389 546 2412 m
564 2388 634 2412 non
654 2377 737 2421 (om.
757 2377 823 2419 ita)
844 2377 889 2421 fl
904 2388 923 2411 r
994 2377 1159 2411 uel—est
1183 2388 1251 2413 om.
1273 2379 1307 2412 A
1383 2377 1479 2422 quod
1505 2377 1559 2411 ita
1582 2388 1651 2410 non

128 2434 183 2470 est
201 2436 250 2470 M
266 2435 361 2481 quod
379 2437 434 2471 ita
454 2447 524 2470 non
545 2440 600 2471 est
619 2435 714 2481 quod
734 2436 787 2470 ita
806 2430 877 2470 non
899 2439 955 2470 est
975 2438 1061 2476 (non
1081 2439 1114 2471 et
1135 2436 1231 2480 quod
1248 2437 1302 2471 ita
1321 2447 1392 2471 non
1414 2439 1469 2470 est
1488 2438 1597 2477 eras.)
1620 2435 1658 2470 F

131 2496 172 2529 16
204 2506 266 2530 seu
299 2506 420 2530 eorum
446 2494 608 2529 HMFP
635 2498 692 2538 (m.
726 2497 752 2529 2
782 2506 844 2529 seu
876 2497 1051 2538 meorum)
1083 2496 1159 2530 siue
1192 2495 1320 2530 horum
1346 2496 1381 2529 A
1416 2502 1458 2529 eu
1492 2501 1576 2529 eoru
1608 2493 1654 2528 Τι

128 2561 212 2588 eoru
245 2557 279 2598 (o
310 2566 356 2589 m.
388 2557 407 2588 1
437 2565 481 2589 ex
512 2566 534 2589 u
566 2565 646 2589 cum
677 2564 752 2589 ras.
784 2556 915 2600 supra)
952 2554 985 2588 Τ
1014 2555 1236 2590 ΙΙΙΙΙ,”Ι1601·ιιη1
1268 2558 1357 2597 (ras.
1395 2557 1417 2588 4
1448 2555 1522 2598 fere
1555 2554 1593 2597 I.)
1625 2554 1655 2584 (1

129 2613 171 2647 17
203 2624 248 2648 116
279 2614 338 2648 1161
370 2613 474 2658 scire]
508 2613 567 2648 uel
597 2614 734 2648 nescire
767 2613 803 2647 P
924 2614 966 2648 18
1000 2614 1142 2657 creatis,
1174 2626 1219 2649 m.
1252 2616 1271 2647 1
1303 2624 1394 2649 corr.
1427 2612 1581 2646 credatis
1617 2612 1654 2646 H

130 2672 172 2706 19
204 2676 288 2707 ante
319 2675 382 2707 aut
412 2682 486 2707 ras.
523 2675 545 2707 7
570 2673 652 2717 fere
684 2673 706 2707 l.
733 2672 775 2706 H
919 2672 1219 2718 cognoscendum,
1250 2684 1295 2709 m.
1328 2676 1368 2707 ut
1400 2672 1477 2706 uid.
1510 2674 1528 2705 1
1561 2681 1651 2706 corr.

127 2731 376 2775 cognoscenda
405 2730 437 2765 Τ
507 2732 553 2766 20
579 2731 796 2766 auctoritate
822 2730 977 2766 TT¹0L
1050 2733 1092 2766 21
1122 2732 1235 2774 effuit,
1261 2743 1305 2766 m.
1325 2730 1492 2774 sortasse
1517 2733 1534 2764 1
1560 2740 1652 2765 corr.

127 2789 254 2834 effugit
279 2790 321 2825 H
417 2781 474 2824 ὦ
498 2790 544 2824 Μ
1443 2785 1446 2789 ’
