1952 3118
149 981 182 1006 10

147 1335 178 1360 15

147 1689 181 1716 20

701 197 1054 242 epistularum
1095 196 1249 231 CXLIX.
1652 200 1733 241 371

210 341 349 370 rorum
382 327 613 381 sapientiae
646 329 688 368 et
720 326 935 377 scientiae,
969 327 1040 379 qui
1074 330 1173 368 sunt
1211 327 1447 368 absconditi
1479 327 1521 369 in
1555 327 1736 370 ChristO.

210 412 259 440 ne
303 402 410 441 ante.
445 411 568 452 quam
617 398 702 440 sint
741 397 792 438 ad
831 398 932 438 haec
971 397 1126 445 idonei,
1171 397 1393 439 uerisimili
1439 411 1629 440 sermone
1675 411 1738 440 ca-

210 470 378 522 piantur
410 472 452 510 et
483 482 505 509 a
538 468 730 510 ueritatis
775 468 925 509 itinere
965 468 1148 509 deuient.
1201 468 1350 510 deinde
1396 469 1596 522 apertius,
1636 469 1737 522 quid

210 541 270 582 eis
302 540 463 587 timeat,
498 539 743 581 ostendens:
790 539 997 581 Videte.
1033 539 1184 592 inquit,
1218 552 1276 580 ne
1316 539 1438 593 quis
1473 552 1567 581 uos
1603 540 1737 582 deci-

209 611 322 665 piat
354 623 445 664 per
477 610 884 664 philosophiam
919 613 969 651 et
1008 611 1213 651 inanem
1255 611 1632 652 seductionem
1667 625 1736 653 se-

210 682 435 725 cundum
464 681 820 723 traditionem
840 681 1126 731 hominum,
1150 681 1444 723 secundum
1467 682 1737 724 elementa

209 753 388 795 mundi
434 756 485 794 et
529 766 626 793 non
673 752 965 794 secundum
1013 752 1305 795 Christum.
1352 752 1476 806 quia
1522 753 1571 794 in
1617 753 1737 806 ipso

209 825 488 866 inhabitat
539 824 710 865 omnis
760 824 1052 877 plenitudo
1111 824 1436 865 diuinitatis
1490 837 1734 878 corpora-

208 896 351 937 liter.
402 896 495 937 ideo
542 895 936 948 ‘corporaliter’
982 895 1097 944 dixit,
1144 895 1241 948 quia
1279 895 1343 936 illi
1382 895 1630 936 umbraliter
1675 908 1736 937 se-

209 967 431 1017 ducebant,
464 967 669 1008 translato
704 966 832 1007 uerbo
866 979 985 1014 usus,
1031 966 1145 1007 sicut
1189 966 1315 1007 etiam
1364 966 1538 1007 umbrae
1583 979 1734 1008 nomen

206 1038 247 1079 in
280 1038 344 1079 his
377 1038 503 1080 rebus
537 1051 617 1079 non
659 1041 724 1079 est
767 1037 914 1091 utique
953 1037 1130 1078 uerbum
1176 1037 1391 1091 proprium
1437 1038 1510 1078 sed
1555 1038 1734 1090 quadam

207 1109 500 1150 similitudinis
537 1109 697 1150 ratione
735 1108 1002 1150 translatum.
1049 1111 1099 1150 et
1144 1108 1295 1158 estis,
1342 1109 1494 1162 inquit,
1540 1109 1590 1150 in
1635 1109 1734 1150 illo

206 1180 545 1234 repletaqui
580 1183 662 1222 est
703 1182 866 1233 caput
904 1179 1075 1220 omnis
1115 1180 1464 1233 principatus
1505 1182 1554 1221 et
1592 1184 1733 1234 pote-

134 1249 137 1251 ’
165 1299 170 1304 .
207 1251 386 1292 statis.
414 1263 488 1304 per
508 1250 767 1304 principatus
791 1250 901 1290 enim
923 1251 965 1291 et
984 1252 1219 1303 potestates
1242 1249 1489 1304 superstitio
1512 1250 1734 1304 gentilium

206 1323 276 1364 uel
308 1321 551 1376 philosophi
584 1321 841 1362 seducebant
878 1320 1170 1375 praedicantes
1215 1320 1348 1370 illam,
1395 1333 1521 1374 quam
1566 1324 1735 1369 uocant,

206 1393 464 1448 theologiam
498 1405 571 1446 per
604 1392 870 1434 elementa
903 1391 1030 1432 huius
1070 1405 1187 1432 mun
1203 1391 1266 1432 di.
1312 1394 1441 1445 caput
1473 1395 1614 1433 autem
1649 1404 1735 1433 om-

205 1465 319 1506 nium
365 1463 580 1506 Christum
632 1464 885 1517 principium
939 1463 1126 1504 omnium
1179 1462 1317 1504 uoluit
1366 1463 1571 1518 intellegi,
1624 1462 1735 1504 sicut

205 1537 309 1590 ipse.
344 1548 439 1576 cum
473 1535 510 1575 ei
545 1535 705 1576 dictum
739 1538 870 1575 esset:
918 1534 988 1574 Tu
1030 1534 1151 1587 quis
1197 1536 1278 1575 es?
1311 1533 1544 1587 respondit:
1589 1534 1734 1575 Prin-

206 1607 420 1661 cipium.
474 1605 613 1659 quod
664 1609 715 1647 et
766 1605 961 1658 loquor
1019 1605 1192 1647 uobis.
1258 1604 1432 1646 omnia
1483 1604 1593 1645 enim
1645 1617 1737 1659 per

206 1677 380 1731 ipsum
425 1678 572 1718 facta
618 1679 741 1718 sunt
785 1680 835 1718 et
881 1677 996 1718 sine
1040 1677 1158 1730 ipso
1204 1676 1407 1718 factum
1450 1679 1536 1717 est
1580 1675 1734 1717 nihil.

204 1748 453 1791 mirabiliter
483 1751 623 1790 autem
655 1748 751 1789 uult
784 1761 854 1790 eos
889 1761 982 1789 esse
1014 1747 1164 1789 horum
1197 1748 1318 1790 uelut
1349 1747 1606 1789 mirabilium
1640 1760 1735 1789 con-

202 1822 448 1874 temptores,
471 1833 564 1861 cum
589 1832 660 1861 eos
682 1820 868 1861 ostendit
892 1832 1044 1873 corpus
1066 1819 1199 1862 factos
1222 1820 1337 1861 illius
1360 1820 1511 1873 capitis
1533 1818 1732 1861 dicendo:

206 1892 266 1933 Et
307 1892 442 1933 estis
483 1892 528 1932 in
562 1891 661 1933 illo
695 1891 911 1944 repleti,
947 1891 1036 1945 qui
1069 1894 1152 1933 est
1191 1894 1354 1945 caput
1388 1890 1558 1932 omnis
1591 1890 1732 1943 prin-

206 1962 421 2016 cipatus
456 1966 506 2004 et
538 1963 854 2017 potestatis.

322 2126 361 2164 4;
391 2126 432 2158 12
461 2124 536 2159 Col.
564 2125 596 2160 2.
624 2124 740 2158 3—10
818 2125 858 2158 1³³
888 2123 961 2158 loli.
990 2127 1021 2161 δ’,
1049 2124 1093 2157 ’25
1171 2124 1213 2158 19
1240 2123 1315 2158 Ioh.
1346 2125 1375 2167 1,
1403 2124 1423 2158 3

253 2208 273 2241 3
300 2218 320 2241 a
345 2218 424 2250 om.⁷
451 2219 494 2242 m.
522 2211 561 2240 ut
589 2206 664 2240 uid.
691 2209 709 2240 1
736 2206 822 2242 add.
853 2207 886 2240 G
983 2206 1162 2249 ueritatis,
1190 2218 1233 2240 m.
1261 2208 1287 2240 2
1312 2207 1466 2240 ueritate
1496 2206 1529 2241 G
1603 2207 1734 2240 itinero

206 2277 272 2300 om.
302 2266 334 2300 G
409 2266 564 2308 denitur.
592 2278 635 2300 m.
662 2268 681 2299 1
707 2275 797 2299 corr.
826 2265 972 2299 deuient
1006 2265 1038 2297 V
1110 2265 1210 2310 quid]
1238 2265 1364 2309 inquid
1391 2266 1441 2308 (in
1467 2277 1512 2300 m.
1539 2267 1564 2299 2
1591 2265 1674 2307 del.)
1699 2266 1735 2299 P

206 2327 227 2359 4
253 2337 315 2359 uos
342 2325 421 2369 quis
448 2325 518 2358 PG
617 2327 637 2359 S
664 2324 808 2358 habitat
835 2324 907 2358 AG
934 2324 1013 2358 edd.
1035 2328 1185 2368 praeter
1211 2335 1234 2358 a
1344 2325 1365 2359 9
1391 2324 1473 2358 ideo
1501 2324 1733 2368 corporaliter

205 2386 284 2427 οἰη.,
316 2396 358 2419 m.
394 2388 418 2418 2
451 2384 535 2419 add.
568 2384 611 2418 K
789 2383 1031 2417 umbratiliter
1061 2383 1139 2417 PK
1168 2395 1201 2418 m
1234 2382 1483 2417 umbrabiliter
1521 2383 1568 2426 V;
1600 2384 1645 2426 cf.
1678 2394 1729 2427 ep.

208 2443 488 2486 CLXXXVII,
518 2446 567 2478 39
594 2444 641 2477 in.
723 2442 957 2486 seducebant,
985 2454 1027 2478 m.
1056 2444 1082 2476 2
1106 2442 1369 2477 seducebantur
1397 2442 1431 2476 G
1456 2430 1682 2477 seducebant
1703 2442 1736 2475 V

210 2501 246 2535 11
276 2503 457 2547 proprium
484 2502 630 2536 uerbum
658 2501 707 2536 J!
781 2501 857 2546 sed]
886 2501 957 2535 ub”i
984 2502 1019 2535 P
1092 2502 1135 2536 12
1161 2501 1404 2536 simulationis
1430 2503 1464 2536 A
1550 2502 1600 2545 et}
1627 2503 1667 2534 ut
1693 2499 1734 2533 K

252 2561 287 2595 in
315 2561 376 2595 illo
403 2562 523 2606 inquit
549 2561 628 2595 edd.
682 2562 724 2595 13
752 2564 807 2595 est
833 2572 914 2604 om„
941 2572 982 2595 m.
1011 2564 1029 2594 1
1056 2561 1142 2595 add.
1169 2561 1213 2595 H
1282 2563 1483 2606 potestates
1509 2560 1550 2594 K
1600 2560 1642 2594 14
1669 2570 1732 2604 per

206 2629 272 2654 om.
298 2622 332 2654 A
476 2623 660 2666 potestate
686 2620 728 2654 Κ
870 2621 1081 2665 superstitiu
1107 2623 1165 2664 (ω
1192 2617 1285 2656 eras.
1313 2631 1357 2654 m.
1384 2622 1410 2654 2
1435 2619 1660 2663 superstitio)
1686 2618 1734 2652 Μ

209 2679 250 2714 15
270 2695 287 2711 ι
306 2679 403 2714 illam
430 2680 470 2714 H
545 2691 648 2724 quem
676 2680 709 2713 A
775 2680 816 2715 18
844 2680 920 2724 ipse
948 2680 999 2713 ait
1025 2691 1103 2725 curn
1130 2677 1327 2715 MAPGV
1390 2679 1431 2713 19
1459 2678 1518 2723 qui
1553 2677 1626 2711 VK
1648 2676 1727 2712 edd.

205 2736 285 2778 (Gr.
312 2737 372 2777 ὅτι,
406 2738 508 2783 Vuly.
537 2739 636 2783 quia)
686 2739 730 2773 23
757 2739 1016 2784 principnatus.
1044 2750 1087 2773 m.
1110 2741 1128 2772 1
1154 2749 1246 2774 corr.
1273 2738 1494 2783 principatus
1522 2736 1554 2771 V
1601 2737 1645 2770 24
1666 2748 1728 2781 po-

206 2797 372 2831 testatus.
401 2808 443 2830 m.
472 2800 497 2830 2
521 2798 715 2842 potestatis
740 2796 789 2831 M

1616 2865 1680 2898 24*
