1924 3122
14 1313 213 1359 VI2915

745 191 1097 236 epistularum
1133 192 1272 227 CXXX.
1718 196 1771 236 73

242 321 351 362 dum
398 321 540 363 deum
591 321 890 374 interpellat
933 334 1017 375 pro
1064 322 1271 373 sanctis,
1318 323 1430 376 quod
1473 337 1552 366 non
1600 324 1661 366 sic
1707 327 1773 366 est

239 392 584 447 intellegendum,
623 394 671 433 ut
709 391 999 434 existimemus
1038 395 1229 435 sanctum
1270 394 1465 447 spiritum
1505 395 1586 445 dei,
1621 395 1692 449 qui
1730 394 1770 436 in

239 465 424 506 trinitate
458 463 816 506 incommutabilis
851 463 955 505 deus
989 465 1054 505 est
1092 467 1133 505 et
1172 477 1267 506 cum
1306 468 1422 518 patre
1462 469 1504 508 et
1544 466 1628 508 filio
1663 479 1771 508 unus

240 536 357 586 deus,
396 538 612 588 tamquam
650 533 847 588 aliquem,
888 534 960 587 qui
998 547 1077 576 non
1119 535 1188 583 sit,
1229 536 1340 588 quod
1380 536 1483 578 deus
1530 539 1608 587 est,
1647 537 1771 578 inter-

238 607 393 661 pellare
439 619 511 660 pro
559 605 736 653 sanctis;
789 604 949 647 dictum
995 608 1060 647 est
1105 606 1281 660 quippe:
1332 608 1638 661 Interpellat
1687 621 1770 661 pro

241 678 446 729 sanctis,
493 677 590 731 quia
633 676 899 729 interpellare
944 678 1111 718 sanctos
1156 677 1271 728 facit,
1317 677 1428 720 sicut
1472 678 1631 720 dictum
1685 679 1770 719 est:

240 750 472 804 Temptat
508 762 596 791 uos
636 748 865 790 dominus
905 748 1026 790 deus
1065 750 1252 799 uester,
1292 751 1345 790 ut
1390 749 1533 799 sciat,
1574 750 1615 791 si
1661 749 1770 790 dili—

241 821 363 876 gitis
409 834 531 872 eum,
570 821 649 862 hoc
690 822 755 861 est
791 821 841 861 ut
879 819 986 861 scire
1025 832 1102 861 uos
1141 819 1279 862 faciat.
1323 820 1589 874 interpellare
1628 821 1769 873 itaque

239 894 408 934 sanctos
435 891 537 933 facit
564 891 792 947 gemitibus
820 890 1167 932 inenarrabilibus
1194 890 1403 944 inspirans
1426 891 1485 933 eis
1514 891 1769 933 desiderium

239 963 364 1005 etiam
405 963 542 1005 adhuc
579 962 816 1017 incognitae
855 963 996 1003 tantae
1034 961 1106 1011 rei,
1148 974 1272 1015 quam
1310 975 1384 1016 per
1420 962 1666 1016 patientiam
1707 975 1770 1004 ex-

238 1037 470 1088 pectamus.
503 1047 584 1088 quo
617 1033 740 1075 modo
774 1033 884 1075 enim
916 1035 1119 1084 narretur,
1153 1033 1318 1087 quando
1352 1033 1625 1084 desideratur,
1659 1033 1771 1086 quod

238 1105 482 1161 ignoratur?
515 1118 609 1147 nam
643 1105 803 1158 utique,
832 1104 868 1146 si
901 1104 1013 1145 omni
1047 1104 1170 1146 modo
1197 1104 1473 1159 ignoraretur,
1500 1117 1581 1146 non
1609 1104 1769 1146 deside-

238 1178 400 1218 raretur
426 1179 466 1218 et
492 1189 651 1226 rursus,
680 1176 716 1218 si
742 1175 970 1226 uideretur,
998 1188 1076 1217 non
1106 1175 1413 1217 desideraretur
1437 1188 1513 1217 nec
1540 1175 1769 1230 gemitibus

239 1249 520 1301 quaereretur.

298 1318 414 1360 Haec
452 1318 591 1360 omnia
628 1317 895 1360 considerans
934 1319 976 1359 et
1014 1318 1050 1359 si
1089 1317 1189 1371 quid
1229 1317 1343 1359 aliud
1388 1317 1438 1359 de
1482 1317 1561 1359 hac
1604 1329 1648 1358 re
1692 1315 1770 1357 tibi

241 1389 435 1431 dominus
456 1389 747 1439 insinuauerit,
776 1389 887 1442 quod
914 1389 982 1430 uel
1008 1389 1111 1430 mihi
1138 1402 1217 1430 non
1246 1389 1427 1431 occurrit
1452 1388 1522 1430 uel
1548 1387 1629 1430 dici
1656 1400 1678 1428 a
1703 1399 1771 1429 me

239 1460 414 1516 longum
446 1460 540 1510 fuit,
576 1462 768 1502 concerta
799 1459 841 1500 in
876 1460 1062 1502 oratione
1102 1460 1268 1501 uincere
1307 1460 1385 1501 hoc
1426 1459 1661 1506 saeculumz
1703 1470 1774 1500 ora

242 1532 282 1574 in
317 1544 404 1585 spe,
439 1544 509 1573 ora
541 1531 720 1573 fideliter
752 1534 794 1572 et
826 1534 1024 1581 amanter,
1061 1544 1127 1573 ora
1160 1532 1365 1572 instanter
1397 1533 1522 1584 atque
1554 1530 1772 1584 patienter,

364 1661 382 1694 7
411 1660 517 1694 Deut.
549 1660 602 1700 13,
629 1660 649 1693 3

294 1731 309 1764 1
332 1741 394 1775 pro
416 1730 550 1764 sanctis
570 1730 778 1774 interpellat
803 1729 832 1763 Ο
905 1733 960 1763 est
980 1740 1046 1763 om.
1068 1729 1101 1763 L
1151 1730 1172 1763 2
1191 1729 1402 1764 extimemus
1423 1728 1506 1762 HK
1524 1729 1716 1762 existemus
1743 1728 1773 1760 O

245 1789 402 1829 existem,
430 1800 473 1822 m.
498 1791 521 1822 3
541 1789 784 1823 existimemus
804 1787 850 1822 Ρι
871 1788 1076 1822 estimemus
1106 1787 1138 1821 V
1207 1790 1371 1822 sanctuni
1390 1798 1456 1822 om.
1483 1787 1512 1822 O
1568 1788 1588 1821 3
1610 1787 1768 1821 incomo-

245 1847 368 1882 tabilis
399 1848 429 1881 (J
453 1847 739 1882 incommutabili
765 1846 891 1881 FAP2
987 1847 1042 1880 dei
1075 1846 1104 1881 O
1183 1847 1205 1881 4
1231 1847 1381 1891 tamqui,
1410 1858 1453 1880 m.
1481 1849 1506 1880 2
1532 1849 1714 1890 tamquam
1747 1846 1776 1879 (J

293 1907 537 1952 interpellare]
567 1907 670 1941 deum
697 1906 926 1951 interpellare
947 1906 1068 1940 HPK
1090 1908 1212 1950 (super
1237 1908 1315 1951 terp
1344 1918 1380 1940 α.
1398 1917 1443 1940 m.
1472 1905 1725 1940 minutissimis
1752 1905 1774 1939 l.

246 1969 351 2007 unus)
372 1964 485 2000 P¹1V
508 1966 715 2011 interpellat
737 1965 770 1999 L
820 1967 840 2000 5
869 1966 1001 2011 quippe
1030 1968 1084 1999 est
1109 1966 1188 2000 edd.
1264 1976 1327 2010 pro
1354 1965 1487 1999 sanctis
1515 1963 1724 2008 interpellat
1749 1964 1779 1995 (Ι

248 2025 266 2059 7
294 2027 444 2070 tempta,
471 2037 515 2059 m.
544 2029 567 2060 3
592 2028 749 2071 temptat
774 2024 822 2059 Ρ1
920 2025 948 2059 si
975 2036 1056 2067 om.,
1081 2036 1108 2060 s.
1135 2036 1171 2059 u.
1199 2025 1285 2059 add.
1319 2025 1352 2058 V
1452 2024 1657 2068 diligeritis,
1685 2034 1776 2057 corr.

250 2083 404 2129 diligitis
442 2084 476 2118 V
505 2085 667 2129 diligatis
699 2084 733 2119 L
765 2084 842 2119 edd.
876 2095 942 2119 sec.
982 2084 1086 2129 Vuly.
1208 2084 1229 2118 8
1263 2086 1318 2118 est
1351 2083 1403 2128 ut}
1439 2087 1478 2117 ut
1510 2086 1550 2116 ut
1583 2082 1615 2116 L
1649 2085 1704 2116 est
1735 2081 1783 2114 JI

296 2142 390 2178 facia
419 2144 449 2178 C
544 2145 668 2189 utique
694 2144 898 2178 MFACP2
1019 2146 1039 2178 9
1067 2144 1164 2187 fecit,
1191 2154 1282 2178 corr.
1310 2143 1396 2177 facit
1422 2143 1446 2177 Ι
1548 2141 1718 2187 gentibus
1745 2142 1779 2173 A

298 2204 435 2248 spirans
467 2204 497 2235 0
572 2204 614 2238 10
640 2203 785 2249 incogni
811 2206 868 2247 (m.
897 2206 916 2238 1
945 2214 1036 2238 corr.
1064 2203 1263 2248 incognite)
1290 2205 1390 2237 tante
1418 2202 1468 2236 rei
1489 2201 1531 2235 K
1554 2200 1776 2245 incognitum

252 2262 284 2296 ei
310 2262 344 2297 L
440 2262 670 2307 pati·entiarn
698 2263 741 2296 K
813 2264 852 2298 11
881 2265 1047 2297 narratur
1076 2261 1275 2297 ΜΕΑΟΡ2
1301 2261 1381 2297 edd.
1459 2262 1501 2295 12
1528 2261 1624 2303 nam}
1654 2270 1723 2293 non
1754 2258 1784 2292 (J

299 2321 411 2355 omni«
444 2321 549 2356 modo
576 2323 602 2357 Ι
631 2323 775 2357 omnino
807 2322 837 2355 0
980 2334 1050 2356 non
1084 2321 1349 2358 desideraretur
1381 2332 1460 2363 om„
1487 2331 1530 2354 m.
1560 2322 1577 2352 1
1602 2319 1642 2353 in
1669 2328 1781 2362 marg).

254 2380 338 2415 add.
365 2380 404 2415 F
426 2392 494 2415 non
522 2380 559 2415 id
587 2381 850 2416 desideraretur
879 2381 908 2416 O
1019 2382 1061 2416 13
1089 2380 1308 2415 υἱάθατθῒυι·
1334 2380 1359 2414 Ι
1455 2379 1497 2413 14
1526 2380 1782 2423 quaeraeretur

253 2442 362 2484 (post.
390 2454 410 2476 a
438 2453 480 2476 m.
502 2444 520 2475 1
540 2443 633 2486 emp.)
660 2441 697 2474 1³
721 2443 955 2486 quaeraretur
981 2440 1022 2474 K
1046 2442 1239 2485 quaeretur
1265 2440 1319 2482 (in
1343 2449 1457 2482 marg).
1485 2438 1595 2471 frater
1622 2435 1780 2480 quidem>

258 2499 288 2533 0
410 2502 451 2536 15
485 2502 513 2535 si
549 2501 614 2535 tibi
648 2500 733 2545 quid
761 2499 858 2534 aliud
887 2499 928 2533 de
955 2500 1020 2534 hac
1047 2510 1083 2533 rc
1111 2499 1275 2533 dominus
1306 2498 1336 2531 O
1461 2498 1500 2531 16
1530 2495 1587 2529 uel
1614 2493 1709 2538 quod
1734 2491 1785 2526 P2

302 2561 495 2595 occurrerit
519 2559 589 2597 1³².
642 2559 712 2594 dici
738 2561 867 2603 (postr.
896 2559 916 2593 l.
945 2570 987 2596 m.
1018 2562 1036 2592 1
1060 2559 1102 2592 4ιή
1127 2561 1216 2600 ras.)
1243 2558 1268 2592 Ι
1318 2557 1358 2591 17
1387 2556 1467 2593 suit,
1496 2567 1538 2589 m.
1567 2557 1592 2588 2
1618 2553 1728 2587 fuerit
1756 2551 1787 2584 V

302 2622 470 2654 concerta
501 2619 536 2653 in
570 2619 746 2662 oratione]
779 2630 884 2663 quarn
918 2620 1085 2654 concerta
1110 2617 1337 2662 ignoratione
1365 2619 1486 2660 (quam
1515 2617 1546 2647 et
1573 2624 1596 2657 g
1622 2614 1715 2655 exp.)
1752 2610 1784 2643 V

256 2689 359 2723 quam
388 2681 483 2712 certa
509 2677 736 2723 ignoratione
762 2676 886 2711 ΡΚΡι
918 2680 1039 2721 (quam
1067 2688 1108 2712 m.
1139 2679 1161 2710 3
1188 2676 1270 2717 del.)
1297 2675 1323 2709 I
1355 2683 1391 2713 (a
1418 2674 1428 2707 i
1455 2676 1487 2707 et
1520 2673 1617 2706 tione
1646 2672 1684 2705 in
1711 2680 1783 2704 ras.

257 2748 299 2772 m.
326 2741 359 2779 1)
387 2748 491 2782 quam
521 2738 618 2771 certa
643 2736 905 2781 ignorationem
935 2735 975 2770 H
1049 2736 1091 2769 18
1119 2735 1227 2769 oraa's's
1266 2734 1359 2777 (suit
1385 2744 1418 2766 m
1447 2736 1512 2766 aut
1540 2731 1589 2768 in)
1616 2728 1654 2763 F
1748 2733 1784 2762 et

258 2799 418 2830 amanter
444 2806 510 2830 om.
545 2795 578 2830 V
671 2795 843 2838 intanter‚
871 2806 913 2828 m.
942 2797 967 2828 2
992 2795 1169 2829 instanter
1196 2794 1234 2827 Il
1264 2822 1269 2828 .
