1952 3118
259 209 344 249 242
747 209 780 242 S.
819 207 999 241 Aureli
1038 207 1327 251 Augustini

262 341 436 392 egerunt
469 337 579 390 apud
609 337 919 389 imperatorem,
951 336 1162 388 persecuti
1195 338 1294 377 sunt
1326 336 1559 378 accusando
1594 336 1793 379 Caecilia—

261 423 361 450 num
382 409 493 462 apud
512 409 820 461 imperatorem,
838 408 1078 449 damnatum
1095 407 1295 448 dixerunt.
1310 408 1392 448 iam
1408 421 1487 449 non
1504 421 1578 450 uos
1594 408 1795 450 inducant

262 480 503 521 uanissimis
544 482 585 520 et
621 479 957 520 mendacissimis
995 479 1154 529 uerbis;
1201 479 1333 520 redite
1380 479 1430 520 ad
1476 492 1545 521 cor
1588 483 1792 527 uestrum,

261 551 408 592 timete
460 551 690 600 dominum,
742 551 924 605 cogitate
980 551 1219 592 ueritatem.
1271 550 1496 603 relinquite
1552 551 1795 592 falsitatem.

264 623 466 676 quicquid
504 623 613 663 enim
652 622 735 663 13111
773 622 888 676 passi
925 622 1089 663 fueritis
1129 622 1418 675 imperialibus
1464 622 1645 676 legibus,
1686 622 1797 675 quod

264 708 342 736 non
387 707 459 748 pro
504 694 670 736 iustitia
715 694 788 734 sed
832 706 905 746 pro
950 693 1172 746 iniquitate
1222 693 1429 747 patimini,
1474 706 1554 734 non
1605 693 1797 747 poteritis

265 766 400 807 dicere
445 766 538 807 ideo
584 778 659 806 nos
705 777 797 806 esse
841 765 1038 814 iniustos,
1090 765 1186 818 quia
1233 765 1292 805 sic
1337 765 1559 806 uobiscum
1605 765 1673 819 agi
1718 778 1797 806 non

266 837 425 886 debuit,
470 838 518 877 ut
549 836 775 890 imperator
813 849 890 877 uos
931 836 980 877 ab
1014 836 1098 877 ista
1128 836 1351 889 iniquitate
1386 839 1681 889 compesceret.
1717 836 1799 889 epi-

267 908 383 961 scopi
416 907 527 949 enim
560 908 692 948 uestri
726 907 907 948 confessi
947 910 1046 948 sunt
1083 908 1262 948 maiores
1304 920 1402 948 suos
1438 908 1498 948 sic
1533 907 1670 962 egisse
1705 920 1798 948 cum

268 979 516 1029 Caeciliano,
546 992 626 1032 quo
661 978 785 1020 modo
813 979 1037 1020 uobiscum
1064 979 1131 1033 agi
1157 992 1237 1020 non
1265 980 1411 1021 uultis.
1441 982 1482 1021 et
1507 982 1660 1031 tamen,
1689 979 1800 1032 quod

269 1051 553 1093 Caecilianum
595 1050 705 1102 apud
742 1051 1040 1104 imperatorem
1079 1051 1291 1104 persecuti
1330 1051 1497 1102 fuerint,
1532 1051 1657 1091 etiam
1696 1050 1800 1103 ipsis

269 1122 567 1163 confitentibus
621 1125 662 1162 et
711 1121 1006 1174 profitentibus
1065 1122 1167 1163 satis
1226 1122 1432 1165 constitit:
1493 1122 1605 1175 quod
1661 1123 1802 1162 autem

270 1193 531 1234 Caecilianus
553 1193 681 1234 fuerit
700 1194 749 1234 ab
771 1193 1020 1246 imperatore
1043 1193 1278 1243 damnatus,
1301 1194 1467 1235 omnino
1489 1207 1568 1234 11011
1592 1192 1801 1242 constiti&

268 1265 397 1305 immo
444 1264 570 1305 etiam
623 1264 814 1305 constitit
865 1277 961 1305 eum
1012 1265 1309 1306 accusantibus
1362 1268 1402 1306 et
1452 1265 1803 1318 persequentibus

269 1336 499 1377 maioribus
534 1348 677 1376 eorum
706 1336 836 1377 ethis
870 1349 1042 1377 numero
1076 1336 1193 1389 prius
1227 1337 1276 1377 ab
1312 1336 1520 1390 episcopis
1555 1339 1596 1377 et
1630 1336 1678 1377 ab
1713 1336 1803 1389 ipso

269 1409 416 1460 postea
448 1407 700 1460 imperatore
729 1407 860 1448 fuisse
895 1409 1133 1461 purgatum.
1167 1408 1246 1449 1100
1274 1408 1399 1448 etiam
1426 1408 1508 1460 ipsi
1536 1408 1806 1448 confirmaue-

269 1482 367 1520 runt
406 1479 508 1519 talia
547 1481 695 1531 postea
735 1479 853 1531 quasi
894 1492 967 1531 pro
1008 1492 1135 1520 causa
1176 1492 1251 1520 sua
1288 1479 1551 1532 proferendQ
1585 1482 1631 1520 ut
1671 1479 1805 1533 magis

272 1552 415 1591 contra
446 1550 564 1603 ipsos
600 1562 692 1591 esse
731 1550 1020 1591 inuenirentur
1059 1553 1100 1591 et
1138 1564 1210 1604 pro
1253 1563 1378 1592 031133
1413 1551 1640 1593 Caeciliani
1680 1551 1805 1592 etiam

271 1622 356 1672 illa,
392 1635 496 1675 quae
529 1621 809 1675 protulerunt,
836 1622 1120 1664 recitarentur.
1155 1635 1444 1675 quoscumque
1479 1635 1575 1676 ergo
1611 1634 1807 1664 accusare

271 1694 510 1742 uoluerunt,
532 1693 660 1734 nullis
688 1694 812 1734 certis
841 1694 1104 1735 documentis
1131 1694 1304 1747 probare
1332 1696 1576 1748 potuerunt:
1606 1693 1807 1746 quicquid

273 1767 414 1805 autem
459 1778 533 1806 nos
580 1767 622 1805 et
664 1778 737 1818 pro
784 1765 986 1806 ecclesiae
1032 1778 1158 1806 causa
1204 1768 1244 1806 et
1288 1779 1361 1818 pro
1408 1765 1632 1807 Caeciliani
1678 1777 1803 1805 causa

274 1835 469 1878 diximus.
505 1838 544 1876 et
577 1836 718 1877 uerbis
753 1836 841 1878 suis
876 1839 917 1877 et
948 1836 1200 1878 lectionibus
1230 1849 1251 1877 a
1279 1849 1321 1877 se
1356 1836 1527 1889 prolatis
1564 1836 1690 1877 etiam
1722 1835 1805 1889 ipsi

275 1906 638 1948 confirmauerunt.

334 1977 440 2018 Nam
475 1979 741 2031 protulerunt
773 1979 905 2032 primo
942 1979 1128 2020 codicem
1163 1978 1320 2032 Optati.
1356 1979 1465 2020 unde
1505 1979 1624 2032 quasi
1664 1979 1810 2031 proba-

275 2051 367 2090 rent
407 2049 691 2090 Caecilianum
736 2050 784 2090 ab
830 2050 1081 2103 imperatore
1127 2051 1380 2092 damnatum.
1426 2051 1496 2103 qui
1542 2051 1669 2092 codex
1714 2063 1808 2091 cum
1835 2058 1850 2081 2

278 2123 422 2161 contra
453 2121 550 2161 illos
583 2121 797 2175 legeretur
830 2125 870 2162 et
903 2122 1039 2176 magis
1080 2122 1320 2163 ostenderet
1355 2121 1639 2163 Caecilianum
1678 2121 1811 2162 fuisse

276 2193 517 2245 purgatum,
547 2191 596 2231 ab
626 2192 820 2234 omnibus
846 2193 920 2234 risi
949 2195 1057 2235 sunt.
1086 2193 1160 2234 sed
1188 2193 1285 2246 quia
1311 2192 1400 2245 ipse
1427 2193 1538 2234 risus
1566 2205 1645 2233 non
1673 2192 1812 2245 potuit

278 2263 328 2303 ab
370 2263 661 2315 exceptoribus
703 2263 848 2317 excipi,
889 2263 1029 2304 uerbis
1070 2263 1157 2305 suis
1197 2263 1308 2316 apud
1347 2267 1439 2304 acta
1482 2263 1588 2304 risos
1630 2276 1672 2304 se
1718 2275 1810 2303 esse

331 2460 345 2492 1
378 2459 581 2493 adcusando
611 2459 842 2492 caecilianum
873 2459 967 2504 apud
994 2459 1244 2504 imperatorem
1272 2459 1480 2493 damnatum
1508 2459 1672 2493 dixerunt
1699 2459 1811 2493 caeci-

280 2518 413 2552 lianum
441 2518 534 2562 apud
562 2519 815 2563 imperatorem
841 2519 911 2552 iam
939 2530 1009 2553 non
1035 2519 1070 2552 P
1159 2519 1179 2551 2
1207 2519 1380 2553 seducant
1405 2531 1438 2553 m
1519 2519 1538 2551 3
1566 2518 1705 2553 reddite
1732 2519 1810 2561 (alt.

283 2579 301 2611 d
330 2581 423 2622 emp.)
450 2578 498 2612 M
581 2579 602 2612 4
630 2577 688 2612 dm
713 2579 749 2612 P
832 2581 852 2613 5
881 2580 967 2613 estis
993 2578 1030 2613 R
1115 2580 1136 2614 8
1163 2591 1227 2613 uos
1254 2580 1447 2623 imperator
1472 2578 1508 2613 R
1603 2579 1640 2611 11
1671 2580 1752 2612 sunt
1778 2577 1813 2611 R

329 2638 398 2681 ipsi
430 2636 469 2670 F
524 2637 565 2670 13
593 2637 636 2670 ab
663 2638 880 2681 imperatore
907 2638 1017 2671 fuerit
1042 2638 1124 2672 MR
1184 2638 1226 2672 18
1254 2649 1350 2671 esse*
1371 2640 1400 2681 (t
1426 2640 1534 2679 eras.)
1560 2637 1609 2670 M
1656 2638 1698 2672 19
1725 2637 1812 2670 reci-

282 2702 440 2730 taremur
465 2696 499 2729 A
599 2695 785 2740 quodcum,
813 2707 857 2730 m.
886 2699 910 2730 2
937 2697 1154 2741 quodcumq:
1183 2697 1218 2730 P
1307 2697 1353 2730 ‘24
1379 2709 1459 2731 nam
1488 2700 1524 2730 et
1549 2697 1663 2741 primo
1690 2699 1812 2742 protu—

280 2755 402 2789 lerunt
426 2755 462 2789 R
578 2757 622 2790 25
650 2756 731 2800 quic
759 2758 792 2797 (c
819 2766 915 2799 ras.;
940 2767 982 2790 ex
1010 2768 1030 2800 q
1058 2755 1089 2798 p)
1117 2755 1206 2790 odex
1232 2756 1268 2789 P
1363 2757 1407 2790 26
1435 2767 1494 2790 003
1520 2756 1555 2791 R
1653 2755 1696 2789 28
1724 2756 1812 2789 risos

285 2825 361 2848 0330
386 2814 474 2850 P¹R
499 2815 590 2849 risus
618 2826 694 2849 esse
720 2814 839 2849 MFA
866 2826 901 2849 se
928 2815 1049 2849 risisse
1074 2816 1110 2849 P

1826 992 1860 1016 10

1831 1347 1862 1372 15

1832 1705 1864 1728 ‘20
