<?xml version="1.0" encoding="UTF-8"?>
<!DOCTYPE html PUBLIC "-//W3C//DTD XHTML 1.0 Transitional//EN"
    "http://www.w3.org/TR/xhtml1/DTD/xhtml1-transitional.dtd">
<html xmlns="http://www.w3.org/1999/xhtml" xml:lang="en" lang="en">
 <head>
  <title>
</title>
<meta http-equiv="Content-Type" content="text/html;charset=utf-8" />
  <meta name='ocr-system' content='tesseract 3.04.00' />
  <meta name='ocr-capabilities' content='ocr_page ocr_carea ocr_par ocr_line ocrx_word'/>
</head>
<body>
  <div class='ocr_page' id='page_1' title='image "./corpusscriptorum44auguuoft_0659.png"; bbox 0 0 1952 3118; ppageno 0'>
   <div class='ocr_carea' id='block_1_1' title="bbox 0 572 98 640">
    <p class='ocr_par' dir='ltr' id='par_1_1' title="bbox 0 572 98 640">
     <span class='ocr_line' id='line_1_1' title="bbox 0 572 98 640; baseline -0.031 -28"><span class='ocrx_word' id='word_1_1' title='bbox 0 584 1 640; x_wconf 57' lang='grc'>1</span> <span class='ocrx_word' id='word_1_2' title='bbox 46 572 98 612; x_wconf 83' lang='grc'>10</span> 
     </span>
    </p>
   </div>
   <div class='ocr_carea' id='block_1_2' title="bbox 628 233 1689 277">
    <p class='ocr_par' dir='ltr' id='par_1_2' title="bbox 628 233 1689 277">
     <span class='ocr_line' id='line_1_2' title="bbox 628 233 1689 277; baseline 0.002 -11"><span class='ocrx_word' id='word_1_3' title='bbox 628 233 980 277; x_wconf 74' lang='lat' dir='ltr'><strong>epistularum</strong></span> <span class='ocrx_word' id='word_1_4' title='bbox 1021 233 1213 268; x_wconf 78' lang='lat' dir='ltr'>CLXXIII.</span> <span class='ocrx_word' id='word_1_5' title='bbox 1605 236 1689 277; x_wconf 83' lang='grc'>647</span> 
     </span>
    </p>
   </div>
   <div class='ocr_carea' id='block_1_3' title="bbox 162 361 1690 628">
    <p class='ocr_par' dir='ltr' id='par_1_3' title="bbox 162 361 1690 545">
     <span class='ocr_line' id='line_1_3' title="bbox 164 361 1690 417; baseline 0.003 -16"><span class='ocrx_word' id='word_1_6' title='bbox 164 361 345 415; x_wconf 80' lang='lat' dir='ltr'>gaudere</span> <span class='ocrx_word' id='word_1_7' title='bbox 391 375 439 403; x_wconf 92' lang='lat' dir='ltr'>an</span> <span class='ocrx_word' id='word_1_8' title='bbox 486 375 558 416; x_wconf 90' lang='lat' dir='ltr'>pro</span> <span class='ocrx_word' id='word_1_9' title='bbox 602 361 757 402; x_wconf 86' lang='lat' dir='ltr'>nefaria</span> <span class='ocrx_word' id='word_1_10' title='bbox 802 361 1076 411; x_wconf 82' lang='lat' dir='ltr'>dissensione,</span> <span class='ocrx_word' id='word_1_11' title='bbox 1127 375 1200 415; x_wconf 88' lang='lat' dir='ltr'>pro</span> <span class='ocrx_word' id='word_1_12' title='bbox 1246 362 1398 403; x_wconf 90' lang='lat' dir='ltr'>Donati</span> <span class='ocrx_word' id='word_1_13' title='bbox 1442 366 1572 416; x_wconf 88' lang='lat' dir='ltr'>parte,</span> <span class='ocrx_word' id='word_1_14' title='bbox 1618 376 1690 417; x_wconf 87' lang='lat' dir='ltr'>pro</span> 
     </span>
     <span class='ocr_line' id='line_1_4' title="bbox 163 432 1689 487; baseline 0.001 -16"><span class='ocrx_word' id='word_1_15' title='bbox 163 433 367 487; x_wconf 81' lang='lat' dir='ltr'>sacrilega</span> <span class='ocrx_word' id='word_1_16' title='bbox 407 432 614 474; x_wconf 89' lang='lat' dir='ltr'>diuisione</span> <span class='ocrx_word' id='word_1_17' title='bbox 646 432 1009 485; x_wconf 84' lang='lat' dir='ltr'>importunitatem</span> <span class='ocrx_word' id='word_1_18' title='bbox 1043 435 1208 474; x_wconf 89' lang='lat' dir='ltr'>nostrae</span> <span class='ocrx_word' id='word_1_19' title='bbox 1236 432 1346 474; x_wconf 86' lang='lat' dir='ltr'>circa</span> <span class='ocrx_word' id='word_1_20' title='bbox 1377 435 1419 474; x_wconf 91' lang='lat' dir='ltr'>te</span> <span class='ocrx_word' id='word_1_21' title='bbox 1452 433 1689 475; x_wconf 80' lang='lat' dir='ltr'>dilectionis</span> 
     </span>
     <span class='ocr_line' id='line_1_5' title="bbox 162 503 578 545; baseline 0.002 -2"><span class='ocrx_word' id='word_1_22' title='bbox 162 503 322 545; x_wconf 87' lang='lat' dir='ltr'>diutius</span> <span class='ocrx_word' id='word_1_23' title='bbox 356 504 578 545; x_wconf 84' lang='lat' dir='ltr'>sustinere.</span> 
     </span>
    </p>

    <p class='ocr_par' dir='ltr' id='par_1_4' title="bbox 220 573 1689 628">
     <span class='ocr_line' id='line_1_6' title="bbox 220 573 1689 628; baseline 0.001 -13"><span class='ocrx_word' id='word_1_24' title='bbox 220 574 425 615; x_wconf 81' lang='lat' dir='ltr'>Adtendis</span> <span class='ocrx_word' id='word_1_25' title='bbox 453 574 561 615; x_wconf 88' lang='lat' dir='ltr'>enim</span> <span class='ocrx_word' id='word_1_26' title='bbox 596 577 637 615; x_wconf 91' lang='lat' dir='ltr'>et</span> <span class='ocrx_word' id='word_1_27' title='bbox 671 586 794 627; x_wconf 83' lang='lat' dir='ltr'>saepe</span> <span class='ocrx_word' id='word_1_28' title='bbox 827 574 996 627; x_wconf 84' lang='lat' dir='ltr'>repetis,</span> <span class='ocrx_word' id='word_1_29' title='bbox 1031 573 1143 615; x_wconf 87' lang='lat' dir='ltr'>sicut</span> <span class='ocrx_word' id='word_1_30' title='bbox 1175 573 1314 622; x_wconf 77' lang='lat' dir='ltr'>audi0,</span> <span class='ocrx_word' id='word_1_31' title='bbox 1349 575 1459 628; x_wconf 91' lang='lat' dir='ltr'>quod</span> <span class='ocrx_word' id='word_1_32' title='bbox 1492 575 1532 615; x_wconf 90' lang='lat' dir='ltr'>in</span> <span class='ocrx_word' id='word_1_33' title='bbox 1567 588 1689 616; x_wconf 88' lang='lat' dir='ltr'>euan-</span> 
     </span>
    </p>
   </div>
   <div class='ocr_carea' id='block_1_4' title="bbox 119 644 1691 699">
    <p class='ocr_par' dir='ltr' id='par_1_5' title="bbox 119 644 1691 699">
     <span class='ocr_line' id='line_1_7' title="bbox 119 644 1691 699; baseline 0.003 -15"><span class='ocrx_word' id='word_1_34' title='bbox 119 661 135 684; x_wconf 83' lang='lat'>5</span> <span class='ocrx_word' id='word_1_35' title='bbox 161 644 270 698; x_wconf 79' lang='lat' dir='ltr'>gelio</span> <span class='ocrx_word' id='word_1_36' title='bbox 305 645 509 698; x_wconf 88' lang='lat' dir='ltr'>scriptum</span> <span class='ocrx_word' id='word_1_37' title='bbox 544 649 609 686; x_wconf 90' lang='lat' dir='ltr'>est</span> <span class='ocrx_word' id='word_1_38' title='bbox 640 645 866 687; x_wconf 80' lang='lat' dir='ltr'>recessisse</span> <span class='ocrx_word' id='word_1_39' title='bbox 900 659 922 686; x_wconf 89' lang='lat' dir='ltr'>a</span> <span class='ocrx_word' id='word_1_40' title='bbox 955 645 1124 686; x_wconf 87' lang='lat' dir='ltr'>domino</span> <span class='ocrx_word' id='word_1_41' title='bbox 1158 645 1428 699; x_wconf 78' lang='lat' dir='ltr'>septuaginta</span> <span class='ocrx_word' id='word_1_42' title='bbox 1460 646 1691 699; x_wconf 88' lang='lat' dir='ltr'>discipulos</span> 
     </span>
    </p>
   </div>
   <div class='ocr_carea' id='block_1_5' title="bbox 101 1018 133 1040">
    <p class='ocr_par' dir='ltr' id='par_1_6' title="bbox 101 1018 133 1040">
     <span class='ocr_line' id='line_1_8' title="bbox 101 1018 133 1040; baseline 0 -3"><span class='ocrx_word' id='word_1_43' title='bbox 101 1018 133 1040; x_wconf 74' lang='grc' dir='ltr'>κ)</span> 
     </span>
    </p>
   </div>
   <div class='ocr_carea' id='block_1_6' title="bbox 98 1727 133 1751">
    <p class='ocr_par' dir='ltr' id='par_1_7' title="bbox 98 1727 133 1751">
     <span class='ocr_line' id='line_1_9' title="bbox 98 1727 133 1751; baseline -0.029 0"><span class='ocrx_word' id='word_1_44' title='bbox 98 1727 133 1751; x_wconf 76' lang='grc'>20</span> 
     </span>
    </p>
   </div>
   <div class='ocr_carea' id='block_1_7' title="bbox 157 715 1691 1340">
    <p class='ocr_par' dir='ltr' id='par_1_8' title="bbox 157 715 1691 1340">
     <span class='ocr_line' id='line_1_10' title="bbox 161 715 1691 771; baseline 0.003 -16"><span class='ocrx_word' id='word_1_45' title='bbox 161 719 201 756; x_wconf 82' lang='lat' dir='ltr'>et</span> <span class='ocrx_word' id='word_1_46' title='bbox 223 715 392 758; x_wconf 88' lang='lat' dir='ltr'>arbitrio</span> <span class='ocrx_word' id='word_1_47' title='bbox 416 729 516 758; x_wconf 86' lang='lat' dir='ltr'>suae</span> <span class='ocrx_word' id='word_1_48' title='bbox 536 716 670 757; x_wconf 87' lang='lat' dir='ltr'>malae</span> <span class='ocrx_word' id='word_1_49' title='bbox 691 719 816 770; x_wconf 87' lang='lat' dir='ltr'>atque</span> <span class='ocrx_word' id='word_1_50' title='bbox 838 716 991 769; x_wconf 83' lang='lat' dir='ltr'>impiae</span> <span class='ocrx_word' id='word_1_51' title='bbox 1014 715 1288 758; x_wconf 84' lang='lat' dir='ltr'>discessionis</span> <span class='ocrx_word' id='word_1_52' title='bbox 1309 716 1441 758; x_wconf 83' lang='lat' dir='ltr'>fuisse</span> <span class='ocrx_word' id='word_1_53' title='bbox 1462 718 1691 771; x_wconf 76' lang='lat' dir='ltr'>permissos</span> 
     </span>
     <span class='ocr_line' id='line_1_11' title="bbox 160 787 1689 841; baseline 0.001 -14"><span class='ocrx_word' id='word_1_54' title='bbox 160 787 393 839; x_wconf 86' lang='lat' dir='ltr'>ceterisque</span> <span class='ocrx_word' id='word_1_55' title='bbox 414 787 650 838; x_wconf 82' lang='lat' dir='ltr'>duodecim,</span> <span class='ocrx_word' id='word_1_56' title='bbox 678 788 749 841; x_wconf 91' lang='lat' dir='ltr'>qui</span> <span class='ocrx_word' id='word_1_57' title='bbox 770 788 1066 837; x_wconf 85' lang='lat' dir='ltr'>remanserant,</span> <span class='ocrx_word' id='word_1_58' title='bbox 1092 787 1225 828; x_wconf 86' lang='lat' dir='ltr'>fuisse</span> <span class='ocrx_word' id='word_1_59' title='bbox 1252 799 1522 840; x_wconf 88' lang='lat' dir='ltr'>responsum:</span> <span class='ocrx_word' id='word_1_60' title='bbox 1549 788 1689 829; x_wconf 88' lang='lat' dir='ltr'>Num-</span> 
     </span>
     <span class='ocr_line' id='line_1_12' title="bbox 160 857 1687 912; baseline 0.001 -14"><span class='ocrx_word' id='word_1_61' title='bbox 160 857 278 910; x_wconf 81' lang='lat' dir='ltr'>quid</span> <span class='ocrx_word' id='word_1_62' title='bbox 310 861 358 899; x_wconf 89' lang='lat' dir='ltr'>et</span> <span class='ocrx_word' id='word_1_63' title='bbox 389 871 476 899; x_wconf 87' lang='lat' dir='ltr'>uos</span> <span class='ocrx_word' id='word_1_64' title='bbox 511 859 673 900; x_wconf 91' lang='lat' dir='ltr'>uultis</span> <span class='ocrx_word' id='word_1_65' title='bbox 707 859 805 900; x_wconf 80' lang='lat' dir='ltr'>ire?</span> <span class='ocrx_word' id='word_1_66' title='bbox 839 862 880 899; x_wconf 91' lang='lat' dir='ltr'>et</span> <span class='ocrx_word' id='word_1_67' title='bbox 906 871 986 899; x_wconf 89' lang='lat' dir='ltr'>non</span> <span class='ocrx_word' id='word_1_68' title='bbox 1014 857 1221 908; x_wconf 84' lang='lat' dir='ltr'>adtendis,</span> <span class='ocrx_word' id='word_1_69' title='bbox 1256 858 1354 911; x_wconf 89' lang='lat' dir='ltr'>quia</span> <span class='ocrx_word' id='word_1_70' title='bbox 1379 860 1479 899; x_wconf 89' lang='lat' dir='ltr'>tunc</span> <span class='ocrx_word' id='word_1_71' title='bbox 1506 859 1687 912; x_wconf 87' lang='lat' dir='ltr'>primum</span> 
     </span>
     <span class='ocr_line' id='line_1_13' title="bbox 159 928 1691 984; baseline 0.001 -16"><span class='ocrx_word' id='word_1_72' title='bbox 159 928 338 970; x_wconf 79' lang='lat' dir='ltr'>ecclesia</span> <span class='ocrx_word' id='word_1_73' title='bbox 376 930 543 971; x_wconf 89' lang='lat' dir='ltr'>nouello</span> <span class='ocrx_word' id='word_1_74' title='bbox 585 930 769 984; x_wconf 84' lang='lat' dir='ltr'>germine</span> <span class='ocrx_word' id='word_1_75' title='bbox 802 930 1043 983; x_wconf 83' lang='lat' dir='ltr'>pullulabat</span> <span class='ocrx_word' id='word_1_76' title='bbox 1079 929 1347 982; x_wconf 90' lang='lat' dir='ltr'>nondumque</span> <span class='ocrx_word' id='word_1_77' title='bbox 1386 930 1427 970; x_wconf 89' lang='lat' dir='ltr'>in</span> <span class='ocrx_word' id='word_1_78' title='bbox 1468 942 1516 970; x_wconf 91' lang='lat' dir='ltr'>ea</span> <span class='ocrx_word' id='word_1_79' title='bbox 1554 930 1691 971; x_wconf 86' lang='lat' dir='ltr'>fuerat</span> 
     </span>
     <span class='ocr_line' id='line_1_14' title="bbox 159 1000 1688 1055; baseline 0.001 -15"><span class='ocrx_word' id='word_1_80' title='bbox 159 1000 370 1053; x_wconf 83' lang='lat' dir='ltr'>completa</span> <span class='ocrx_word' id='word_1_81' title='bbox 408 1000 480 1041; x_wconf 91' lang='lat' dir='ltr'>illa</span> <span class='ocrx_word' id='word_1_82' title='bbox 519 1001 758 1054; x_wconf 85' lang='lat' dir='ltr'>prophetia:</span> <span class='ocrx_word' id='word_1_83' title='bbox 800 1002 859 1042; x_wconf 89' lang='lat' dir='ltr'>Et</span> <span class='ocrx_word' id='word_1_84' title='bbox 891 1001 1170 1042; x_wconf 85' lang='lat' dir='ltr'>adorabunt</span> <span class='ocrx_word' id='word_1_85' title='bbox 1202 1014 1310 1042; x_wconf 90' lang='lat' dir='ltr'>eum</span> <span class='ocrx_word' id='word_1_86' title='bbox 1345 1013 1510 1042; x_wconf 85' lang='lat' dir='ltr'>omnes</span> <span class='ocrx_word' id='word_1_87' title='bbox 1544 1013 1688 1055; x_wconf 88' lang='lat' dir='ltr'>reges</span> 
     </span>
     <span class='ocr_line' id='line_1_15' title="bbox 159 1072 1686 1126; baseline 0.001 -15"><span class='ocrx_word' id='word_1_88' title='bbox 159 1077 332 1120; x_wconf 81' lang='lat' dir='ltr'>terrae,</span> <span class='ocrx_word' id='word_1_89' title='bbox 379 1084 544 1113; x_wconf 92' lang='lat' dir='ltr'>omnes</span> <span class='ocrx_word' id='word_1_90' title='bbox 584 1074 757 1126; x_wconf 85' lang='lat' dir='ltr'>gentes</span> <span class='ocrx_word' id='word_1_91' title='bbox 797 1072 1022 1113; x_wconf 84' lang='lat' dir='ltr'>seruient</span> <span class='ocrx_word' id='word_1_92' title='bbox 1061 1072 1153 1122; x_wconf 88' lang='lat' dir='ltr'>illi,</span> <span class='ocrx_word' id='word_1_93' title='bbox 1195 1072 1307 1125; x_wconf 90' lang='lat' dir='ltr'>quod</span> <span class='ocrx_word' id='word_1_94' title='bbox 1345 1072 1491 1125; x_wconf 90' lang='lat' dir='ltr'>utique</span> <span class='ocrx_word' id='word_1_95' title='bbox 1532 1077 1686 1125; x_wconf 87' lang='lat' dir='ltr'>quanto</span> 
     </span>
     <span class='ocr_line' id='line_1_16' title="bbox 160 1143 1687 1197; baseline 0.001 -15"><span class='ocrx_word' id='word_1_96' title='bbox 160 1143 294 1196; x_wconf 81' lang='lat' dir='ltr'>magis</span> <span class='ocrx_word' id='word_1_97' title='bbox 322 1143 534 1195; x_wconf 85' lang='lat' dir='ltr'>impletur.</span> <span class='ocrx_word' id='word_1_98' title='bbox 569 1145 684 1184; x_wconf 89' lang='lat' dir='ltr'>tanto</span> <span class='ocrx_word' id='word_1_99' title='bbox 713 1143 869 1184; x_wconf 86' lang='lat' dir='ltr'>maiore</span> <span class='ocrx_word' id='word_1_100' title='bbox 895 1143 1033 1185; x_wconf 91' lang='lat' dir='ltr'>utitur</span> <span class='ocrx_word' id='word_1_101' title='bbox 1058 1144 1236 1185; x_wconf 85' lang='lat' dir='ltr'>ecclesia</span> <span class='ocrx_word' id='word_1_102' title='bbox 1268 1146 1496 1197; x_wconf 85' lang='lat' dir='ltr'>potestate,</span> <span class='ocrx_word' id='word_1_103' title='bbox 1529 1145 1575 1184; x_wconf 89' lang='lat' dir='ltr'>ut</span> <span class='ocrx_word' id='word_1_104' title='bbox 1609 1157 1687 1184; x_wconf 91' lang='lat' dir='ltr'>non</span> 
     </span>
     <span class='ocr_line' id='line_1_17' title="bbox 160 1213 1684 1268; baseline 0.001 -14"><span class='ocrx_word' id='word_1_105' title='bbox 160 1213 296 1254; x_wconf 87' lang='lat' dir='ltr'>solum</span> <span class='ocrx_word' id='word_1_106' title='bbox 329 1213 493 1262; x_wconf 84' lang='lat' dir='ltr'>inuitet,</span> <span class='ocrx_word' id='word_1_107' title='bbox 533 1213 607 1254; x_wconf 86' lang='lat' dir='ltr'>sed</span> <span class='ocrx_word' id='word_1_108' title='bbox 639 1213 766 1254; x_wconf 86' lang='lat' dir='ltr'>etiam</span> <span class='ocrx_word' id='word_1_109' title='bbox 800 1216 924 1268; x_wconf 88' lang='lat' dir='ltr'>cogat</span> <span class='ocrx_word' id='word_1_110' title='bbox 956 1213 1006 1254; x_wconf 87' lang='lat' dir='ltr'>ad</span> <span class='ocrx_word' id='word_1_111' title='bbox 1040 1214 1210 1255; x_wconf 87' lang='lat' dir='ltr'>bonum.</span> <span class='ocrx_word' id='word_1_112' title='bbox 1244 1214 1322 1255; x_wconf 87' lang='lat' dir='ltr'>hoc</span> <span class='ocrx_word' id='word_1_113' title='bbox 1354 1220 1454 1255; x_wconf 88' lang='lat' dir='ltr'>tunc</span> <span class='ocrx_word' id='word_1_114' title='bbox 1489 1213 1684 1256; x_wconf 89' lang='lat' dir='ltr'>dominus</span> 
     </span>
     <span class='ocr_line' id='line_1_18' title="bbox 157 1284 1686 1340; baseline 0.001 -16"><span class='ocrx_word' id='word_1_115' title='bbox 157 1284 391 1339; x_wconf 81' lang='lat' dir='ltr'>significare</span> <span class='ocrx_word' id='word_1_116' title='bbox 422 1285 607 1333; x_wconf 83' lang='lat' dir='ltr'>uolebat,</span> <span class='ocrx_word' id='word_1_117' title='bbox 648 1285 718 1337; x_wconf 89' lang='lat' dir='ltr'>qui</span> <span class='ocrx_word' id='word_1_118' title='bbox 753 1285 948 1338; x_wconf 86' lang='lat' dir='ltr'>quamuis</span> <span class='ocrx_word' id='word_1_119' title='bbox 983 1285 1155 1326; x_wconf 85' lang='lat' dir='ltr'>haberet</span> <span class='ocrx_word' id='word_1_120' title='bbox 1186 1298 1383 1340; x_wconf 88' lang='lat' dir='ltr'>magnam</span> <span class='ocrx_word' id='word_1_121' title='bbox 1417 1288 1686 1339; x_wconf 84' lang='lat' dir='ltr'>potestatem,</span> 
     </span>
    </p>
   </div>
   <div class='ocr_carea' id='block_1_8' title="bbox 120 1356 1687 1410">
    <p class='ocr_par' dir='ltr' id='par_1_9' title="bbox 120 1356 1687 1410">
     <span class='ocr_line' id='line_1_19' title="bbox 120 1356 1687 1410; baseline 0 -14"><span class='ocrx_word' id='word_1_122' title='bbox 120 1372 130 1391; x_wconf 58' lang='lat' dir='ltr'>a</span> <span class='ocrx_word' id='word_1_123' title='bbox 157 1356 272 1407; x_wconf 86' lang='lat' dir='ltr'>prius</span> <span class='ocrx_word' id='word_1_124' title='bbox 317 1358 455 1397; x_wconf 87' lang='lat' dir='ltr'>tamen</span> <span class='ocrx_word' id='word_1_125' title='bbox 501 1356 629 1410; x_wconf 87' lang='lat' dir='ltr'>elegit</span> <span class='ocrx_word' id='word_1_126' title='bbox 673 1356 964 1397; x_wconf 82' lang='lat' dir='ltr'>commendare</span> <span class='ocrx_word' id='word_1_127' title='bbox 1001 1356 1300 1398; x_wconf 89' lang='lat' dir='ltr'>humilitatem.</span> <span class='ocrx_word' id='word_1_128' title='bbox 1339 1356 1417 1397; x_wconf 91' lang='lat' dir='ltr'>hoc</span> <span class='ocrx_word' id='word_1_129' title='bbox 1458 1360 1500 1398; x_wconf 89' lang='lat' dir='ltr'>et</span> <span class='ocrx_word' id='word_1_130' title='bbox 1536 1356 1577 1397; x_wconf 90' lang='lat' dir='ltr'>in</span> <span class='ocrx_word' id='word_1_131' title='bbox 1614 1356 1687 1396; x_wconf 91' lang='lat' dir='ltr'>illa</span> 
     </span>
    </p>
   </div>
   <div class='ocr_carea' id='block_1_9' title="bbox 156 1425 1687 2050">
    <p class='ocr_par' dir='ltr' id='par_1_10' title="bbox 156 1425 1687 2050">
     <span class='ocr_line' id='line_1_20' title="bbox 156 1425 1685 1477; baseline 0.001 -11"><span class='ocrx_word' id='word_1_132' title='bbox 156 1425 341 1467; x_wconf 86' lang='lat' dir='ltr'>conuiuii</span> <span class='ocrx_word' id='word_1_133' title='bbox 386 1426 661 1468; x_wconf 84' lang='lat' dir='ltr'>similitudine</span> <span class='ocrx_word' id='word_1_134' title='bbox 707 1427 810 1468; x_wconf 85' lang='lat' dir='ltr'>satis</span> <span class='ocrx_word' id='word_1_135' title='bbox 849 1426 1065 1468; x_wconf 87' lang='lat' dir='ltr'>euidenter</span> <span class='ocrx_word' id='word_1_136' title='bbox 1101 1427 1300 1477; x_wconf 87' lang='lat' dir='ltr'>ostendit,</span> <span class='ocrx_word' id='word_1_137' title='bbox 1352 1427 1424 1469; x_wconf 89' lang='lat' dir='ltr'>ubi</span> <span class='ocrx_word' id='word_1_138' title='bbox 1476 1427 1593 1468; x_wconf 87' lang='lat' dir='ltr'>misit</span> <span class='ocrx_word' id='word_1_139' title='bbox 1636 1427 1685 1467; x_wconf 90' lang='lat' dir='ltr'>ad</span> 
     </span>
     <span class='ocr_line' id='line_1_21' title="bbox 159 1497 1686 1551; baseline 0.001 -14"><span class='ocrx_word' id='word_1_140' title='bbox 159 1498 360 1538; x_wconf 83' lang='lat' dir='ltr'>inuitatos</span> <span class='ocrx_word' id='word_1_141' title='bbox 404 1500 445 1539; x_wconf 88' lang='lat' dir='ltr'>et</span> <span class='ocrx_word' id='word_1_142' title='bbox 475 1498 618 1539; x_wconf 89' lang='lat' dir='ltr'>uenire</span> <span class='ocrx_word' id='word_1_143' title='bbox 656 1499 898 1545; x_wconf 70' lang='lat' dir='ltr'>uoluerunt:</span> <span class='ocrx_word' id='word_1_144' title='bbox 940 1502 981 1539; x_wconf 87' lang='lat' dir='ltr'>et</span> <span class='ocrx_word' id='word_1_145' title='bbox 1019 1498 1078 1539; x_wconf 87' lang='lat' dir='ltr'>ait</span> <span class='ocrx_word' id='word_1_146' title='bbox 1111 1511 1252 1539; x_wconf 87' lang='lat' dir='ltr'>seruo:</span> <span class='ocrx_word' id='word_1_147' title='bbox 1292 1499 1377 1539; x_wconf 80' lang='lat' dir='ltr'>Exi</span> <span class='ocrx_word' id='word_1_148' title='bbox 1410 1498 1454 1538; x_wconf 89' lang='lat' dir='ltr'>in</span> <span class='ocrx_word' id='word_1_149' title='bbox 1490 1497 1686 1551; x_wconf 87' lang='lat' dir='ltr'>plateas</span> 
     </span>
     <span class='ocr_line' id='line_1_22' title="bbox 159 1569 1687 1623; baseline 0 -14"><span class='ocrx_word' id='word_1_150' title='bbox 159 1573 205 1609; x_wconf 84' lang='lat' dir='ltr'>et</span> <span class='ocrx_word' id='word_1_151' title='bbox 246 1569 385 1610; x_wconf 86' lang='lat' dir='ltr'>uicos</span> <span class='ocrx_word' id='word_1_152' title='bbox 420 1569 651 1610; x_wconf 88' lang='lat' dir='ltr'>ciuitatis</span> <span class='ocrx_word' id='word_1_153' title='bbox 686 1572 732 1610; x_wconf 92' lang='lat' dir='ltr'>et</span> <span class='ocrx_word' id='word_1_154' title='bbox 764 1582 1006 1623; x_wconf 85' lang='lat' dir='ltr'>pauperes</span> <span class='ocrx_word' id='word_1_155' title='bbox 1041 1572 1088 1611; x_wconf 92' lang='lat' dir='ltr'>et</span> <span class='ocrx_word' id='word_1_156' title='bbox 1121 1569 1315 1611; x_wconf 88' lang='lat' dir='ltr'>debiles</span> <span class='ocrx_word' id='word_1_157' title='bbox 1350 1573 1397 1611; x_wconf 93' lang='lat' dir='ltr'>et</span> <span class='ocrx_word' id='word_1_158' title='bbox 1430 1581 1605 1610; x_wconf 86' lang='lat' dir='ltr'>caecos</span> <span class='ocrx_word' id='word_1_159' title='bbox 1640 1571 1687 1610; x_wconf 92' lang='lat' dir='ltr'>et</span> 
     </span>
     <span class='ocr_line' id='line_1_23' title="bbox 158 1640 1682 1682; baseline -0.001 -1"><span class='ocrx_word' id='word_1_160' title='bbox 158 1640 364 1682; x_wconf 69' lang='lat' dir='ltr'>claudos</span> <span class='ocrx_word' id='word_1_161' title='bbox 403 1640 634 1682; x_wconf 87' lang='lat' dir='ltr'>introduc</span> <span class='ocrx_word' id='word_1_162' title='bbox 667 1640 773 1681; x_wconf 91' lang='lat' dir='ltr'>huc.</span> <span class='ocrx_word' id='word_1_163' title='bbox 815 1644 861 1682; x_wconf 91' lang='lat' dir='ltr'>et</span> <span class='ocrx_word' id='word_1_164' title='bbox 893 1641 964 1682; x_wconf 88' lang='lat' dir='ltr'>ait</span> <span class='ocrx_word' id='word_1_165' title='bbox 996 1653 1172 1682; x_wconf 89' lang='lat' dir='ltr'>seruus</span> <span class='ocrx_word' id='word_1_166' title='bbox 1207 1640 1421 1682; x_wconf 89' lang='lat' dir='ltr'>domino:</span> <span class='ocrx_word' id='word_1_167' title='bbox 1457 1640 1682 1681; x_wconf 77' lang='lat' dir='ltr'>‘Factum</span> 
     </span>
     <span class='ocr_line' id='line_1_24' title="bbox 159 1711 1684 1765; baseline 0 -14"><span class='ocrx_word' id='word_1_168' title='bbox 159 1715 248 1753; x_wconf 81' lang='lat' dir='ltr'>est.</span> <span class='ocrx_word' id='word_1_169' title='bbox 284 1714 337 1752; x_wconf 89' lang='lat' dir='ltr'>ut</span> <span class='ocrx_word' id='word_1_170' title='bbox 368 1712 641 1765; x_wconf 88' lang='lat' dir='ltr'>imperasti,</span> <span class='ocrx_word' id='word_1_171' title='bbox 677 1715 723 1753; x_wconf 91' lang='lat' dir='ltr'>et</span> <span class='ocrx_word' id='word_1_172' title='bbox 755 1711 914 1753; x_wconf 86' lang='lat' dir='ltr'>adhuc</span> <span class='ocrx_word' id='word_1_173' title='bbox 947 1713 1087 1754; x_wconf 87' lang='lat' dir='ltr'>locus</span> <span class='ocrx_word' id='word_1_174' title='bbox 1122 1715 1231 1754; x_wconf 87' lang='lat' dir='ltr'>est’.</span> <span class='ocrx_word' id='word_1_175' title='bbox 1274 1714 1321 1753; x_wconf 90' lang='lat' dir='ltr'>et</span> <span class='ocrx_word' id='word_1_176' title='bbox 1354 1712 1423 1753; x_wconf 87' lang='lat' dir='ltr'>ait</span> <span class='ocrx_word' id='word_1_177' title='bbox 1455 1711 1684 1753; x_wconf 87' lang='lat' dir='ltr'>dominus</span> 
     </span>
     <span class='ocr_line' id='line_1_25' title="bbox 159 1783 1686 1836; baseline -0.001 -13"><span class='ocrx_word' id='word_1_178' title='bbox 159 1795 322 1824; x_wconf 87' lang='lat' dir='ltr'>seruo:</span> <span class='ocrx_word' id='word_1_179' title='bbox 362 1783 448 1824; x_wconf 82' lang='lat' dir='ltr'>Exi</span> <span class='ocrx_word' id='word_1_180' title='bbox 482 1784 527 1824; x_wconf 91' lang='lat' dir='ltr'>in</span> <span class='ocrx_word' id='word_1_181' title='bbox 568 1783 676 1824; x_wconf 90' lang='lat' dir='ltr'>uias</span> <span class='ocrx_word' id='word_1_182' title='bbox 717 1785 765 1824; x_wconf 92' lang='lat' dir='ltr'>et</span> <span class='ocrx_word' id='word_1_183' title='bbox 803 1796 978 1836; x_wconf 81' lang='lat' dir='ltr'>saepes</span> <span class='ocrx_word' id='word_1_184' title='bbox 1019 1789 1068 1825; x_wconf 90' lang='lat' dir='ltr'>et</span> <span class='ocrx_word' id='word_1_185' title='bbox 1105 1783 1351 1836; x_wconf 87' lang='lat' dir='ltr'>compelle</span> <span class='ocrx_word' id='word_1_186' title='bbox 1389 1783 1590 1831; x_wconf 86' lang='lat' dir='ltr'>intrare,</span> <span class='ocrx_word' id='word_1_187' title='bbox 1632 1786 1686 1823; x_wconf 92' lang='lat' dir='ltr'>ut</span> 
     </span>
     <span class='ocr_line' id='line_1_26' title="bbox 158 1853 1685 1908; baseline 0 -14"><span class='ocrx_word' id='word_1_188' title='bbox 158 1854 428 1907; x_wconf 88' lang='lat' dir='ltr'>impleatur</span> <span class='ocrx_word' id='word_1_189' title='bbox 473 1854 645 1896; x_wconf 88' lang='lat' dir='ltr'>domus</span> <span class='ocrx_word' id='word_1_190' title='bbox 691 1868 807 1896; x_wconf 86' lang='lat' dir='ltr'>mea.</span> <span class='ocrx_word' id='word_1_191' title='bbox 854 1855 950 1896; x_wconf 90' lang='lat' dir='ltr'>uide</span> <span class='ocrx_word' id='word_1_192' title='bbox 996 1867 1116 1906; x_wconf 87' lang='lat' dir='ltr'>nunc,</span> <span class='ocrx_word' id='word_1_193' title='bbox 1162 1868 1285 1908; x_wconf 90' lang='lat' dir='ltr'>quem</span> <span class='ocrx_word' id='word_1_194' title='bbox 1333 1854 1382 1895; x_wconf 86' lang='lat' dir='ltr'>ad</span> <span class='ocrx_word' id='word_1_195' title='bbox 1429 1853 1601 1895; x_wconf 91' lang='lat' dir='ltr'>modum</span> <span class='ocrx_word' id='word_1_196' title='bbox 1635 1853 1685 1894; x_wconf 91' lang='lat' dir='ltr'>de</span> 
     </span>
     <span class='ocr_line' id='line_1_27' title="bbox 157 1925 1682 1978; baseline -0.001 -13"><span class='ocrx_word' id='word_1_197' title='bbox 157 1925 236 1966; x_wconf 88' lang='lat' dir='ltr'>his.</span> <span class='ocrx_word' id='word_1_198' title='bbox 290 1925 359 1978; x_wconf 89' lang='lat' dir='ltr'>qui</span> <span class='ocrx_word' id='word_1_199' title='bbox 406 1926 522 1978; x_wconf 87' lang='lat' dir='ltr'>prius</span> <span class='ocrx_word' id='word_1_200' title='bbox 568 1929 786 1969; x_wconf 82' lang='lat' dir='ltr'>uenerunt.</span> <span class='ocrx_word' id='word_1_201' title='bbox 835 1926 995 1967; x_wconf 89' lang='lat' dir='ltr'>dictum</span> <span class='ocrx_word' id='word_1_202' title='bbox 1042 1929 1124 1967; x_wconf 89' lang='lat' dir='ltr'>est:</span> <span class='ocrx_word' id='word_1_203' title='bbox 1160 1925 1426 1968; x_wconf 78' lang='lat' dir='ltr'>‘Introduc’</span> <span class='ocrx_word' id='word_1_204' title='bbox 1473 1938 1557 1978; x_wconf 84' lang='lat' dir='ltr'>eos,</span> <span class='ocrx_word' id='word_1_205' title='bbox 1604 1937 1682 1965; x_wconf 89' lang='lat' dir='ltr'>non</span> 
     </span>
     <span class='ocr_line' id='line_1_28' title="bbox 157 1995 1684 2050; baseline -0.001 -14"><span class='ocrx_word' id='word_1_206' title='bbox 157 1996 315 2037; x_wconf 85' lang='lat' dir='ltr'>dictum</span> <span class='ocrx_word' id='word_1_207' title='bbox 350 1999 415 2037; x_wconf 77' lang='lat' dir='ltr'>est</span> <span class='ocrx_word' id='word_1_208' title='bbox 445 1997 694 2050; x_wconf 80' lang='lat' dir='ltr'>‘compelle,&#39;</span> <span class='ocrx_word' id='word_1_209' title='bbox 732 1997 792 2038; x_wconf 86' lang='lat' dir='ltr'>ita</span> <span class='ocrx_word' id='word_1_210' title='bbox 823 1997 1060 2050; x_wconf 85' lang='lat' dir='ltr'>significata</span> <span class='ocrx_word' id='word_1_211' title='bbox 1093 1999 1193 2038; x_wconf 84' lang='lat' dir='ltr'>sunt</span> <span class='ocrx_word' id='word_1_212' title='bbox 1224 1996 1426 2039; x_wconf 86' lang='lat' dir='ltr'>ecclesiae</span> <span class='ocrx_word' id='word_1_213' title='bbox 1458 1995 1684 2050; x_wconf 83' lang='lat' dir='ltr'>primordia</span> 
     </span>
    </p>
   </div>
   <div class='ocr_carea' id='block_1_10' title="bbox 97 2066 1683 2121">
    <p class='ocr_par' dir='ltr' id='par_1_11' title="bbox 97 2066 1683 2121">
     <span class='ocr_line' id='line_1_29' title="bbox 97 2066 1683 2121; baseline 0.001 -14"><span class='ocrx_word' id='word_1_214' title='bbox 97 2081 132 2107; x_wconf 74' lang='lat'>⁴25</span> <span class='ocrx_word' id='word_1_215' title='bbox 158 2068 293 2109; x_wconf 83' lang='lat' dir='ltr'>adhuc</span> <span class='ocrx_word' id='word_1_216' title='bbox 327 2068 567 2118; x_wconf 84' lang='lat' dir='ltr'>crescentis,</span> <span class='ocrx_word' id='word_1_217' title='bbox 606 2070 655 2109; x_wconf 90' lang='lat' dir='ltr'>ut</span> <span class='ocrx_word' id='word_1_218' title='bbox 687 2071 830 2110; x_wconf 85' lang='lat' dir='ltr'>essent</span> <span class='ocrx_word' id='word_1_219' title='bbox 861 2068 973 2110; x_wconf 87' lang='lat' dir='ltr'>uires</span> <span class='ocrx_word' id='word_1_220' title='bbox 1008 2068 1135 2109; x_wconf 86' lang='lat' dir='ltr'>etiam</span> <span class='ocrx_word' id='word_1_221' title='bbox 1169 2067 1459 2121; x_wconf 89' lang='lat' dir='ltr'>compellendi.</span> <span class='ocrx_word' id='word_1_222' title='bbox 1498 2066 1683 2120; x_wconf 80' lang='lat' dir='ltr'>proinde.</span> 
     </span>
    </p>
   </div>
   <div class='ocr_carea' id='block_1_11' title="bbox 158 2138 1682 2193">
    <p class='ocr_par' dir='ltr' id='par_1_12' title="bbox 158 2138 1682 2193">
     <span class='ocr_line' id='line_1_30' title="bbox 158 2138 1682 2193; baseline -0.001 -14"><span class='ocrx_word' id='word_1_223' title='bbox 158 2139 255 2192; x_wconf 79' lang='lat' dir='ltr'>quia</span> <span class='ocrx_word' id='word_1_224' title='bbox 282 2139 501 2193; x_wconf 85' lang='lat' dir='ltr'>oportebat</span> <span class='ocrx_word' id='word_1_225' title='bbox 527 2139 616 2181; x_wconf 90' lang='lat' dir='ltr'>eius</span> <span class='ocrx_word' id='word_1_226' title='bbox 643 2139 727 2180; x_wconf 89' lang='lat' dir='ltr'>iam</span> <span class='ocrx_word' id='word_1_227' title='bbox 754 2139 915 2181; x_wconf 87' lang='lat' dir='ltr'>uiribus</span> <span class='ocrx_word' id='word_1_228' title='bbox 944 2143 984 2180; x_wconf 87' lang='lat' dir='ltr'>et</span> <span class='ocrx_word' id='word_1_229' title='bbox 1010 2138 1303 2193; x_wconf 85' lang='lat' dir='ltr'>magnitudine</span> <span class='ocrx_word' id='word_1_230' title='bbox 1330 2138 1523 2180; x_wconf 86' lang='lat' dir='ltr'>roborata</span> <span class='ocrx_word' id='word_1_231' title='bbox 1556 2138 1682 2178; x_wconf 90' lang='lat' dir='ltr'>etiam</span> 
     </span>
    </p>
   </div>
   <div class='ocr_carea' id='block_1_12' title="bbox 276 2313 1467 2355">
    <p class='ocr_par' dir='ltr' id='par_1_13' title="bbox 276 2313 1467 2355">
     <span class='ocr_line' id='line_1_31' title="bbox 276 2313 1467 2355; baseline -0.002 -8"><span class='ocrx_word' id='word_1_232' title='bbox 276 2315 296 2347; x_wconf 81' lang='lat'>4</span> <span class='ocrx_word' id='word_1_233' title='bbox 327 2315 398 2349; x_wconf 90' lang='lat' dir='ltr'>Ioh.</span> <span class='ocrx_word' id='word_1_234' title='bbox 427 2317 459 2355; x_wconf 68' lang='grc' dir='ltr'>(ἱ,</span> <span class='ocrx_word' id='word_1_235' title='bbox 486 2315 625 2348; x_wconf 52' lang='lat'>‹57-‹525</span> <span class='ocrx_word' id='word_1_236' title='bbox 705 2315 745 2349; x_wconf 90' lang='grc'>10</span> <span class='ocrx_word' id='word_1_237' title='bbox 772 2314 830 2348; x_wconf 83' lang='lat' dir='ltr'>Ps.</span> <span class='ocrx_word' id='word_1_238' title='bbox 859 2314 913 2352; x_wconf 71' lang='lat'>71,</span> <span class='ocrx_word' id='word_1_239' title='bbox 945 2314 982 2348; x_wconf 93' lang='grc'>11</span> <span class='ocrx_word' id='word_1_240' title='bbox 1064 2314 1103 2348; x_wconf 72' lang='grc'>17</span> <span class='ocrx_word' id='word_1_241' title='bbox 1134 2313 1215 2347; x_wconf 83' lang='lat' dir='ltr'>Luc.</span> <span class='ocrx_word' id='word_1_242' title='bbox 1247 2313 1299 2349; x_wconf 79' lang='lat'>14.</span> <span class='ocrx_word' id='word_1_243' title='bbox 1327 2313 1467 2346; x_wconf 67' lang='lat'>21-23</span> 
     </span>
    </p>
   </div>
   <div class='ocr_carea' id='block_1_13' title="bbox 158 2416 1684 2522">
    <p class='ocr_par' dir='ltr' id='par_1_14' title="bbox 158 2416 1684 2522">
     <span class='ocr_line' id='line_1_32' title="bbox 206 2416 1680 2466; baseline -0.003 -12"><span class='ocrx_word' id='word_1_244' title='bbox 206 2422 225 2454; x_wconf 80' lang='lat'>&#39;2</span> <span class='ocrx_word' id='word_1_245' title='bbox 253 2422 345 2456; x_wconf 81' lang='lat' dir='ltr'>circa</span> <span class='ocrx_word' id='word_1_246' title='bbox 372 2421 420 2466; x_wconf 80' lang='lat' dir='ltr'>tc]</span> <span class='ocrx_word' id='word_1_247' title='bbox 449 2421 599 2455; x_wconf 61' lang='lat' dir='ltr'>caritate</span> <span class='ocrx_word' id='word_1_248' title='bbox 627 2421 658 2454; x_wconf 81' lang='lat' dir='ltr'><strong><em>A</em></strong></span> <span class='ocrx_word' id='word_1_249' title='bbox 793 2421 815 2454; x_wconf 83' lang='lat'>4</span> <span class='ocrx_word' id='word_1_250' title='bbox 842 2420 875 2453; x_wconf 90' lang='lat' dir='ltr'>in</span> <span class='ocrx_word' id='word_1_251' title='bbox 905 2419 1094 2463; x_wconf 74' lang='lat' dir='ltr'>euangelio</span> <span class='ocrx_word' id='word_1_252' title='bbox 1121 2418 1217 2464; x_wconf 88' lang='lat' dir='ltr'>quod</span> <span class='ocrx_word' id='word_1_253' title='bbox 1246 2419 1276 2453; x_wconf 75' lang='lat' dir='ltr'><strong><em>C</em></strong></span> <span class='ocrx_word' id='word_1_254' title='bbox 1401 2420 1421 2452; x_wconf 73' lang='grc' dir='ltr'>ἵ)</span> <span class='ocrx_word' id='word_1_255' title='bbox 1449 2417 1541 2451; x_wconf 84' lang='lat' dir='ltr'>Lxx</span> <span class='ocrx_word' id='word_1_256' title='bbox 1571 2420 1607 2450; x_wconf 78' lang='lat' dir='ltr'>ta</span> <span class='ocrx_word' id='word_1_257' title='bbox 1635 2416 1680 2449; x_wconf 75' lang='lat'>1²¹</span> 
     </span>
     <span class='ocr_line' id='line_1_33' title="bbox 158 2475 1684 2522; baseline -0.003 -10"><span class='ocrx_word' id='word_1_258' title='bbox 158 2483 178 2513; x_wconf 63' lang='grc' dir='ltr'>(ὅ</span> <span class='ocrx_word' id='word_1_259' title='bbox 205 2491 267 2514; x_wconf 72' lang='lat' dir='ltr'>suo</span> <span class='ocrx_word' id='word_1_260' title='bbox 295 2480 330 2513; x_wconf 89' lang='lat' dir='ltr'><strong><em>P</em></strong></span> <span class='ocrx_word' id='word_1_261' title='bbox 425 2479 635 2514; x_wconf 75' lang='lat' dir='ltr'>discessioni</span> <span class='ocrx_word' id='word_1_262' title='bbox 663 2479 696 2512; x_wconf 89' lang='lat' dir='ltr'><em>P</em></span> <span class='ocrx_word' id='word_1_263' title='bbox 768 2483 787 2509; x_wconf 63' lang='lat'>2&lt;</span> <span class='ocrx_word' id='word_1_264' title='bbox 815 2478 983 2522; x_wconf 81' lang='lat' dir='ltr'>attendit,</span> <span class='ocrx_word' id='word_1_265' title='bbox 1010 2490 1053 2512; x_wconf 86' lang='lat' dir='ltr'>m.</span> <span class='ocrx_word' id='word_1_266' title='bbox 1081 2481 1099 2512; x_wconf 93' lang='lat'><em>1</em></span> <span class='ocrx_word' id='word_1_267' title='bbox 1125 2489 1214 2513; x_wconf 82' lang='lat' dir='ltr'>corr.</span> <span class='ocrx_word' id='word_1_268' title='bbox 1244 2476 1401 2512; x_wconf 81' lang='lat' dir='ltr'>attendis</span> <span class='ocrx_word' id='word_1_269' title='bbox 1429 2477 1461 2509; x_wconf 77' lang='lat' dir='ltr'><strong><em>A</em></strong></span> <span class='ocrx_word' id='word_1_270' title='bbox 1538 2475 1631 2520; x_wconf 83' lang='lat' dir='ltr'>quod</span> <span class='ocrx_word' id='word_1_271' title='bbox 1656 2477 1684 2506; x_wconf 63' lang='lat'>(¹</span> 
     </span>
    </p>
   </div>
   <div class='ocr_carea' id='block_1_14' title="bbox 158 2535 1680 2878">
    <p class='ocr_par' dir='ltr' id='par_1_15' title="bbox 158 2535 1680 2878">
     <span class='ocr_line' id='line_1_34' title="bbox 158 2535 1680 2584; baseline -0.002 -13"><span class='ocrx_word' id='word_1_272' title='bbox 158 2542 179 2571; x_wconf 65' lang='grc'>11</span> <span class='ocrx_word' id='word_1_273' title='bbox 207 2539 386 2584; x_wconf 71' lang='lat' dir='ltr'>completa</span> <span class='ocrx_word' id='word_1_274' title='bbox 413 2539 529 2573; x_wconf 82' lang='lat' dir='ltr'>suerat</span> <span class='ocrx_word' id='word_1_275' title='bbox 559 2539 589 2573; x_wconf 84' lang='lat' dir='ltr'><em>C</em></span> <span class='ocrx_word' id='word_1_276' title='bbox 706 2539 746 2572; x_wconf 84' lang='lat'>10</span> <span class='ocrx_word' id='word_1_277' title='bbox 773 2539 973 2584; x_wconf 53' lang='lat' dir='ltr'>prophetie,</span> <span class='ocrx_word' id='word_1_278' title='bbox 999 2549 1042 2572; x_wconf 88' lang='lat' dir='ltr'>m.</span> <span class='ocrx_word' id='word_1_279' title='bbox 1072 2540 1097 2571; x_wconf 69' lang='grc'><em>2</em></span> <span class='ocrx_word' id='word_1_280' title='bbox 1122 2537 1311 2583; x_wconf 84' lang='lat' dir='ltr'>prophetia</span> <span class='ocrx_word' id='word_1_281' title='bbox 1338 2536 1373 2570; x_wconf 79' lang='lat'>1’</span> <span class='ocrx_word' id='word_1_282' title='bbox 1486 2535 1523 2569; x_wconf 92' lang='lat'>11</span> <span class='ocrx_word' id='word_1_283' title='bbox 1554 2538 1680 2579; x_wconf 75' lang='lat' dir='ltr'>gentes</span> 
     </span>
     <span class='ocr_line' id='line_1_35' title="bbox 158 2593 1680 2641; baseline -0.003 -10"><span class='ocrx_word' id='word_1_284' title='bbox 158 2610 225 2631; x_wconf 82' lang='grc'>0111.</span> <span class='ocrx_word' id='word_1_285' title='bbox 253 2599 284 2630; x_wconf 70' lang='grc' dir='ltr'><strong><em>Α</em></strong></span> <span class='ocrx_word' id='word_1_286' title='bbox 378 2598 448 2632; x_wconf 59' lang='lat' dir='ltr'>*illi</span> <span class='ocrx_word' id='word_1_287' title='bbox 476 2597 513 2631; x_wconf 61' lang='lat'>1⁸</span> <span class='ocrx_word' id='word_1_288' title='bbox 587 2599 627 2632; x_wconf 56' lang='lat'>18</span> <span class='ocrx_word' id='word_1_289' title='bbox 656 2598 784 2631; x_wconf 79' lang='lat' dir='ltr'>ciuitas</span> <span class='ocrx_word' id='word_1_290' title='bbox 814 2599 844 2629; x_wconf 80' lang='lat'>(¹</span> <span class='ocrx_word' id='word_1_291' title='bbox 939 2600 974 2631; x_wconf 87' lang='lat' dir='ltr'>et</span> <span class='ocrx_word' id='word_1_292' title='bbox 1002 2597 1153 2641; x_wconf 58' lang='lat' dir='ltr'>debiles]</span> <span class='ocrx_word' id='word_1_293' title='bbox 1189 2608 1228 2631; x_wconf 83' lang='lat' dir='ltr'>ac</span> <span class='ocrx_word' id='word_1_294' title='bbox 1256 2595 1392 2630; x_wconf 81' lang='lat' dir='ltr'>debiles</span> <span class='ocrx_word' id='word_1_295' title='bbox 1419 2594 1453 2628; x_wconf 83' lang='lat' dir='ltr'><em>R</em></span> <span class='ocrx_word' id='word_1_296' title='bbox 1478 2604 1543 2628; x_wconf 77' lang='lat' dir='ltr'>sec.</span> <span class='ocrx_word' id='word_1_297' title='bbox 1579 2593 1680 2638; x_wconf 65' lang='lat' dir='ltr'>l&#39;uly.</span> 
     </span>
     <span class='ocr_line' id='line_1_36' title="bbox 161 2652 1680 2702; baseline -0.001 -12"><span class='ocrx_word' id='word_1_298' title='bbox 161 2658 202 2690; x_wconf 74' lang='lat'>19</span> <span class='ocrx_word' id='word_1_299' title='bbox 230 2663 265 2690; x_wconf 71' lang='lat' dir='ltr'>et</span> <span class='ocrx_word' id='word_1_300' title='bbox 290 2657 577 2701; x_wconf 80' lang='lat' dir='ltr'>ait—imperasti</span> <span class='ocrx_word' id='word_1_301' title='bbox 604 2668 669 2691; x_wconf 85' lang='lat' dir='ltr'>om.</span> <span class='ocrx_word' id='word_1_302' title='bbox 699 2657 733 2690; x_wconf 86' lang='lat' dir='ltr'>I’</span> <span class='ocrx_word' id='word_1_303' title='bbox 779 2658 824 2691; x_wconf 73' lang='lat'>‘22</span> <span class='ocrx_word' id='word_1_304' title='bbox 852 2657 1059 2702; x_wconf 74' lang='lat' dir='ltr'>impleretur</span> <span class='ocrx_word' id='word_1_305' title='bbox 1082 2656 1112 2691; x_wconf 85' lang='lat' dir='ltr'><em>C</em></span> <span class='ocrx_word' id='word_1_306' title='bbox 1182 2655 1277 2699; x_wconf 77' lang='lat' dir='ltr'>uidel</span> <span class='ocrx_word' id='word_1_307' title='bbox 1307 2653 1399 2688; x_wconf 80' lang='lat' dir='ltr'>unde</span> <span class='ocrx_word' id='word_1_308' title='bbox 1429 2654 1458 2686; x_wconf 66' lang='lat' dir='ltr'>(s</span> <span class='ocrx_word' id='word_1_309' title='bbox 1505 2654 1550 2686; x_wconf 70' lang='lat'>⁴23</span> <span class='ocrx_word' id='word_1_310' title='bbox 1577 2652 1680 2697; x_wconf 79' lang='lat' dir='ltr'>quib:</span> 
     </span>
     <span class='ocr_line' id='line_1_37' title="bbox 159 2711 1680 2761; baseline -0.003 -13"><span class='ocrx_word' id='word_1_311' title='bbox 159 2717 213 2756; x_wconf 53' lang='lat' dir='ltr'>ih:</span> <span class='ocrx_word' id='word_1_312' title='bbox 241 2728 284 2750; x_wconf 85' lang='lat' dir='ltr'>m.</span> <span class='ocrx_word' id='word_1_313' title='bbox 314 2718 338 2749; x_wconf 66' lang='lat'><em>2</em></span> <span class='ocrx_word' id='word_1_314' title='bbox 363 2716 445 2758; x_wconf 80' lang='lat' dir='ltr'>del.)</span> <span class='ocrx_word' id='word_1_315' title='bbox 474 2716 516 2749; x_wconf 85' lang='grc' dir='ltr'>Ρ1</span> <span class='ocrx_word' id='word_1_316' title='bbox 643 2717 717 2761; x_wconf 75' lang='lat' dir='ltr'>eos]</span> <span class='ocrx_word' id='word_1_317' title='bbox 746 2716 814 2750; x_wconf 90' lang='grc'>11110</span> <span class='ocrx_word' id='word_1_318' title='bbox 845 2717 874 2750; x_wconf 88' lang='lat' dir='ltr'><em>C</em></span> <span class='ocrx_word' id='word_1_319' title='bbox 898 2728 928 2749; x_wconf 83' lang='lat' dir='ltr'>m</span> <span class='ocrx_word' id='word_1_320' title='bbox 1045 2727 1125 2750; x_wconf 89' lang='lat' dir='ltr'>nam</span> <span class='ocrx_word' id='word_1_321' title='bbox 1153 2716 1246 2749; x_wconf 85' lang='lat' dir='ltr'>sicut</span> <span class='ocrx_word' id='word_1_322' title='bbox 1273 2713 1407 2747; x_wconf 76' lang='lat' dir='ltr'>dictum</span> <span class='ocrx_word' id='word_1_323' title='bbox 1437 2719 1478 2750; x_wconf 61' lang='lat' dir='ltr'>r?</span> <span class='ocrx_word' id='word_1_324' title='bbox 1508 2711 1680 2756; x_wconf 73' lang='lat' dir='ltr'>compelh¹</span> 
     </span>
     <span class='ocr_line' id='line_1_38' title="bbox 159 2769 1680 2819; baseline -0.004 -7"><span class='ocrx_word' id='word_1_325' title='bbox 159 2775 348 2819; x_wconf 61' lang='lat' dir='ltr'>(cunipelhf</span> <span class='ocrx_word' id='word_1_326' title='bbox 375 2775 442 2810; x_wconf 83' lang='lat' dir='ltr'>del.</span> <span class='ocrx_word' id='word_1_327' title='bbox 471 2779 502 2809; x_wconf 75' lang='lat' dir='ltr'>et</span> <span class='ocrx_word' id='word_1_328' title='bbox 527 2776 702 2810; x_wconf 70' lang='lat' dir='ltr'>semiraso</span> <span class='ocrx_word' id='word_1_329' title='bbox 728 2787 772 2809; x_wconf 85' lang='lat' dir='ltr'>m.</span> <span class='ocrx_word' id='word_1_330' title='bbox 795 2778 820 2809; x_wconf 71' lang='lat'><em>2</em></span> <span class='ocrx_word' id='word_1_331' title='bbox 843 2776 883 2809; x_wconf 75' lang='lat' dir='ltr'>in</span> <span class='ocrx_word' id='word_1_332' title='bbox 908 2786 1020 2819; x_wconf 68' lang='lat' dir='ltr'>mary.</span> <span class='ocrx_word' id='word_1_333' title='bbox 1047 2786 1115 2809; x_wconf 88' lang='lat' dir='ltr'>non</span> <span class='ocrx_word' id='word_1_334' title='bbox 1144 2774 1241 2808; x_wconf 80' lang='lat' dir='ltr'>dictu</span> <span class='ocrx_word' id='word_1_335' title='bbox 1263 2777 1280 2807; x_wconf 73' lang='grc'>0</span> <span class='ocrx_word' id='word_1_336' title='bbox 1302 2771 1451 2816; x_wconf 60' lang='lat' dir='ltr'>csspcllel</span> <span class='ocrx_word' id='word_1_337' title='bbox 1472 2770 1517 2804; x_wconf 79' lang='grc' dir='ltr'>Ρι</span> <span class='ocrx_word' id='word_1_338' title='bbox 1570 2770 1615 2803; x_wconf 70' lang='grc'>25</span> <span class='ocrx_word' id='word_1_339' title='bbox 1637 2769 1680 2803; x_wconf 72' lang='lat' dir='ltr'>tul</span> 
     </span>
     <span class='ocr_line' id='line_1_39' title="bbox 159 2830 1445 2878; baseline -0.003 -11"><span class='ocrx_word' id='word_1_340' title='bbox 159 2834 224 2867; x_wconf 77' lang='grc'>1100</span> <span class='ocrx_word' id='word_1_341' title='bbox 253 2845 284 2867; x_wconf 86' lang='lat' dir='ltr'>m</span> <span class='ocrx_word' id='word_1_342' title='bbox 359 2834 402 2867; x_wconf 80' lang='lat'>‘26</span> <span class='ocrx_word' id='word_1_343' title='bbox 431 2833 525 2878; x_wconf 85' lang='lat' dir='ltr'>quod</span> <span class='ocrx_word' id='word_1_344' title='bbox 557 2835 586 2869; x_wconf 80' lang='lat' dir='ltr'><strong><em>C</em></strong></span> <span class='ocrx_word' id='word_1_345' title='bbox 681 2834 846 2868; x_wconf 78' lang='lat' dir='ltr'>roborata</span> <span class='ocrx_word' id='word_1_346' title='bbox 873 2834 908 2877; x_wconf 91' lang='lat' dir='ltr'>(b</span> <span class='ocrx_word' id='word_1_347' title='bbox 934 2835 974 2868; x_wconf 79' lang='lat' dir='ltr'>in</span> <span class='ocrx_word' id='word_1_348' title='bbox 1002 2844 1072 2868; x_wconf 80' lang='lat' dir='ltr'>ras.</span> <span class='ocrx_word' id='word_1_349' title='bbox 1100 2834 1201 2867; x_wconf 80' lang='lat'>2—3</span> <span class='ocrx_word' id='word_1_350' title='bbox 1227 2833 1249 2867; x_wconf 93' lang='lat' dir='ltr'>I.</span> <span class='ocrx_word' id='word_1_351' title='bbox 1276 2843 1319 2867; x_wconf 83' lang='lat' dir='ltr'>m.</span> <span class='ocrx_word' id='word_1_352' title='bbox 1353 2834 1382 2870; x_wconf 82' lang='grc'>1)</span> <span class='ocrx_word' id='word_1_353' title='bbox 1412 2830 1445 2863; x_wconf 81' lang='lat'>1’</span> 
     </span>
    </p>
   </div>
  </div>
 </body>
</html>
