1924 3122
67 316 120 356 10

149 974 179 998 10

59 1309 108 1351 11
144 1328 176 1354 15

681 189 1030 234 epistularum
1070 189 1278 225 CXXXVII.
1660 194 1742 234 109

273 317 383 369 Quid
422 320 561 360 autem
601 330 681 359 non
720 318 870 360 mirum
912 319 1015 361 deus
1055 319 1156 360 facit
1200 320 1239 361 in
1287 319 1481 362 omnibus
1527 323 1741 363 creaturae

211 390 412 432 motibus.
440 389 519 430 nisi
547 389 850 431 consuetudine
878 390 1088 431 cotidiana
1120 390 1375 433 uiluissent?
1409 391 1587 445 denique
1616 405 1740 445 quam

210 461 342 502 multa
369 461 528 502 usitata
554 460 779 509 calcantur,
809 474 914 514 quae
942 461 1207 503 considerata
1233 464 1476 515 stupentur!
1512 463 1625 505 sicut
1650 464 1742 517 ipsa

209 532 274 573 uis
297 531 503 573 seminum
525 544 630 586 quos
652 544 848 573 numeros
870 532 1009 581 habet,
1032 545 1155 585 quam
1178 533 1364 584 uiuaces‚
1387 546 1511 587 quam
1533 534 1739 576 efficaces.

209 615 331 656 quam
366 603 543 644 latenter
567 605 774 657 potentes,
803 616 925 656 quam
959 603 999 644 in
1033 616 1162 657 paruo
1190 616 1342 657 magna
1375 604 1611 647 molientes
1646 605 1738 658 quis

208 674 330 715 adeat
361 674 514 724 animo,
549 674 643 728 quis
675 677 839 728 promat
873 674 1069 727 eloquio?
1100 674 1173 715 ille
1199 674 1331 729 igitur
1357 675 1438 716 sibi
1466 675 1554 717 siue
1582 676 1739 718 semine

208 749 404 799 operatus
443 749 507 787 est
544 746 770 793 hominem,
811 746 883 799 qui
920 746 960 787 in
1001 759 1138 787 rerum
1183 749 1330 787 natura
1376 746 1463 787 sine
1509 747 1738 788 seminibus

206 820 402 870 operatur
439 820 480 858 et
519 817 697 866 semina;
736 817 807 858 ille
845 817 886 858 in
927 829 1002 858 suo
1043 829 1213 871 corpore
1257 829 1455 858 numeros
1500 820 1735 870 temporum

205 901 507 941 mensurasque
541 889 729 929 seruauit
760 889 960 938 aetatum,
994 888 1065 941 qui
1097 888 1186 929 sine
1225 888 1312 929 ulla
1349 888 1415 929 sui
1454 888 1738 929 mutabilitate

205 958 405 1000 mutando
452 959 635 1000 contexit
677 959 863 1001 ordinem
909 959 1186 1001 saeculorum.
1237 959 1315 1000 hoc
1362 959 1470 1000 enirn
1518 960 1652 1000 creuit
1695 959 1735 999 in

203 1032 405 1083 tempore,
432 1029 544 1082 quod
576 1030 714 1083 coepit
745 1042 791 1071 ex
823 1032 1029 1083 tempore:
1063 1030 1239 1071 uerbum
1274 1031 1414 1071 autem
1449 1030 1490 1070 in
1517 1030 1735 1083 principio,

203 1113 277 1154 per
314 1101 424 1154 quod
463 1100 574 1142 facta
612 1103 710 1142 sunt
748 1103 951 1155 tempora,
990 1105 1159 1155 tempus
1199 1101 1342 1155 elegit,
1378 1113 1459 1154 quo
1500 1100 1737 1154 susciperet

204 1185 381 1217 carnem,
419 1184 498 1213 non
537 1171 716 1224 tempori
757 1172 900 1220 cessit,
941 1174 987 1213 ut
1026 1174 1261 1213 uerteretur
1296 1172 1338 1213 in
1379 1184 1564 1221 carnem3
1611 1172 1734 1213 homo

203 1243 355 1297 quippe
388 1243 463 1284 deo
497 1243 689 1285 accessit.
723 1255 801 1284 non
837 1243 940 1284 deus
974 1256 996 1284 a
1030 1256 1073 1284 se
1106 1243 1294 1285 recessit.

262 1314 329 1356 Sic
363 1317 505 1355 autem
538 1313 707 1367 quidam
740 1313 857 1355 reddi
891 1313 971 1356 sibi
1003 1314 1207 1355 rationem
1246 1313 1452 1368 flagitant,
1487 1325 1568 1367 quo
1609 1313 1733 1355 modo

203 1385 305 1426 deus
338 1385 498 1426 homini
530 1385 760 1439 permixtus
794 1386 863 1435 sit,
890 1388 937 1427 ut
969 1398 1051 1426 una
1083 1385 1202 1426 fieret
1233 1397 1410 1438 persona
1439 1384 1608 1427 Christi.
1637 1397 1732 1425 curn

201 1456 278 1497 hoc
329 1456 459 1498 semel
502 1456 592 1498 fieri
636 1457 883 1510 oportuerit,
924 1457 1044 1510 quasi
1088 1456 1291 1498 rationem
1335 1455 1418 1509 ipsi
1462 1455 1637 1497 reddant
1682 1455 1731 1496 de

202 1541 258 1578 re,
297 1540 401 1581 quae
441 1527 594 1569 cotidie
632 1528 692 1578 fit,
732 1540 813 1581 quo
853 1527 976 1569 modo
1015 1527 1245 1569 misceatur
1288 1526 1425 1568 anima
1470 1526 1644 1580 corpori,
1686 1529 1730 1568 ut

251 1726 266 1758 1
296 1723 382 1758 deus
409 1724 496 1758 fecit
526 1723 632 1758 CHR
659 1723 746 1758 facit
773 1723 859 1758 deus
892 1724 943 1759 W
964 1725 1043 1759 edd.
1189 1725 1226 1758 iu
1253 1723 1432 1768 omnibus]
1462 1723 1667 1758 homiuibus
1695 1724 1727 1756 A

201 1784 221 1816 ‘2
249 1783 317 1817 nisi
344 1797 370 1817 s.
399 1795 432 1817 u.
460 1795 504 1817 m.
534 1787 552 1816 1
582 1782 633 1817 W
726 1794 793 1827 que
819 1794 847 1817 s.
873 1794 908 1817 u.
943 1783 994 1817 W
1090 1784 1112 1818 3
1139 1784 1275 1818 usitata
1300 1785 1353 1827 (ta
1378 1794 1406 1817 s.
1432 1791 1482 1821 u.)
1514 1782 1564 1817 W
1657 1782 1727 1816 cal-

200 1855 320 1877 camur
351 1845 384 1876 A
505 1843 526 1876 4
561 1843 615 1876 uis
646 1853 674 1876 8.
707 1853 742 1876 u.
782 1842 832 1876 W
972 1854 1295 1887 numeros-quam
1327 1854 1408 1883 om,
1440 1853 1466 1875 s.
1500 1853 1536 1877 u.
1565 1841 1649 1877 add.
1686 1841 1733 1875 11*

247 1903 383 1938 habent
414 1901 493 1936 TPl
518 1902 630 1936 habet
656 1904 692 1936 ct
719 1902 761 1935 H
783 1904 842 1946 (m.
871 1904 895 1936 3
921 1901 1054 1936 habeat
1082 1906 1131 1937 et)
1160 1902 1279 1936 MAP
1302 1901 1381 1936 edd.
1493 1902 1514 1935 5
1542 1912 1647 1945 quain
1674 1901 1725 1945 in]

199 1963 315 2007 magis
346 1962 379 1996 in
409 1961 450 1996 H
593 1972 724 2005 magna
755 1961 945 2006 loquentes
977 1962 1168 1996 molientes
1202 1961 1408 2006 (loquentes
1441 1972 1485 1994 m.
1513 1962 1531 1993 1
1556 1971 1651 2004 exsti
1682 1959 1725 1993 P¹

246 2021 427 2056 molientis
453 2021 493 2055 H
592 2021 670 2065 quis
697 2031 764 2055 om.
792 2021 836 2054 H
911 2022 932 2056 6
959 2021 1070 2055 addat
1102 2020 1152 2054 W
1173 2020 1308 2063 aderat,
1334 2032 1378 2054 m.
1410 2022 1434 2055 3
1459 2020 1662 2054 considerat
1689 2018 1730 2052 H

247 2092 369 2125 proma
399 2080 563 2124 *eloquio
603 2079 696 2124 (sun
734 2080 760 2124 l)
796 2080 829 2114 Τ
864 2092 926 2125 pro
965 2091 1028 2114 suo
1068 2080 1211 2125 eloquio
1244 2079 1287 2114 H
1322 2079 1472 2124 prodeat
1511 2078 1654 2123 eloquio
1690 2077 1731 2111 K

246 2139 314 2173 sibi
341 2150 407 2174 om.
435 2139 469 2172 A
583 2139 765 2173 hominem
792 2139 867 2173 sine
894 2139 1029 2173 semine
1056 2141 1224 2184 operatus
1252 2142 1307 2172 est
1332 2137 1411 2174 edd.
1511 2138 1532 2170 8
1559 2139 1726 2182 operatus

199 2203 253 2233 est
278 2199 416 2233 semina
445 2198 509 2234 CR
535 2201 704 2243 operatur
730 2199 866 2233 semina
893 2198 934 2232 K
957 2203 1136 2244 operatur.
1163 2198 1316 2232 seminat
1341 2197 1380 2232 D
1459 2198 1480 2231 9
1508 2207 1726 2230 mensuram—

199 2269 267 2303 que
294 2257 336 2291 K
417 2257 587 2301 seruabit,
614 2268 659 2291 m.
687 2259 712 2291 2
738 2257 907 2292 seruabat
933 2257 976 2291 K
1059 2260 1215 2291 aetatem
1241 2257 1275 2290 A
1351 2256 1395 2290 10
1422 2255 1604 2291 contexuit
1628 2255 1674 2289 Τ(
1686 2255 1727 2288 'R

246 2317 381 2352 creauit
407 2315 450 2350 K
515 2317 554 2351 11
585 2317 680 2362 cepit
706 2316 749 2350 Κ
818 2317 1042 2361 principium,
1070 2328 1115 2351 m.
1142 2319 1168 2351 2
1192 2316 1368 2362 principio
1395 2315 1438 2350 H
1506 2316 1547 2349 12
1577 2313 1670 2359 quod
1699 2314 1730 2347 T

246 2376 404 2421 suscepit
440 2376 484 2410 H
664 2376 706 2410 13
744 2378 906 2421 tempore
949 2376 979 2410 C
1128 2377 1330 2410 uertaretur
1367 2375 1402 2409 R
1547 2375 1582 2407 in
1622 2385 1725 2407 carne

198 2434 318 2469 ΒΜΔ
394 2436 435 2470 14
463 2446 484 2469 a.
510 2446 559 2479 se,
585 2447 630 2470 m.
658 2438 682 2469 2
706 2446 821 2479 supra
849 2435 892 2469 ab
921 2446 961 2469 eo
995 2434 1046 2469 W
1066 2435 1110 2470 ab
1139 2446 1179 2469 eo
1207 2434 1249 2469 H
1322 2435 1365 2468 15,
1392 2434 1420 2468 si
1444 2433 1508 2468 CR
1535 2436 1592 2474 (m.
1615 2434 1640 2465 :2
1659 2431 1721 2465 sici

247 2495 378 2538 autem]
408 2495 539 2539 quippe
566 2494 606 2528 H
727 2494 829 2529 reddi
856 2494 924 2529 sibi
950 2494 1002 2540 (bi
1027 2506 1055 2528 8.
1081 2495 1133 2535 u.)
1167 2493 1216 2528 W
1239 2493 1358 2527 reddis
1398 2493 1446 2526 ibi
1481 2492 1512 2525 T
1536 2498 1659 2525 contra
1686 2490 1727 2523 H

246 2553 348 2587 modo
377 2565 443 2587 om.
471 2553 513 2587 K
585 2554 626 2588 16
653 2553 789 2587 homini
817 2556 949 2597 (postr.
977 2554 1000 2587 l.
1028 2553 1065 2587 in
1095 2547 1326 2596 ras.,·'fuisse
1351 2552 1427 2585 uid.
1455 2559 1523 2585 ein*
1557 2550 1588 2584 T
1676 2550 1723 2583 sit

199 2612 380 2646 l'l1'‹f,.r1:'¹ut
406 2616 494 2654 (ras.
526 2615 624 2647 6-7
644 2613 682 2657 l.)
711 2612 758 2647 W
829 2613 870 2647 17
898 2613 964 2647 hoc
989 2624 1030 2650 s.,
1047 2625 1081 2647 u.
1113 2612 1164 2646 W
1255 2612 1367 2645 ratio*
1398 2615 1440 2644 ne
1468 2610 1585 2643 tribus
1610 2609 1722 2642 uersi-

198 2671 289 2706 culis
313 2673 353 2705 in
384 2671 493 2706 initio
517 2672 611 2716 solii
635 2673 752 2706 erasis
777 2672 823 2707 M
966 2672 1034 2717 ipsi
1062 2675 1193 2716 (postr.
1223 2672 1244 2705 I.
1274 2671 1311 2704 in
1338 2674 1427 2706 ras.)
1456 2668 1582 2702 reddat
1611 2671 1668 2702 sm
1698 2670 1722 2701 2

197 2728 360 2771 reddant)
393 2729 442 2763 W
514 2730 555 2765 18
582 2731 637 2775 fit]
667 2735 684 2765 e
711 2731 756 2764 M
851 2731 1023 2765 miscetur
1048 2731 1188 2765 animus
1210 2730 1250 2763 K
1345 2729 1480 2773 corpori
1510 2727 1535 2769 (i
1563 2737 1605 2760 ea:
1631 2737 1720 2760 corr.

197 2799 241 2822 m.
269 2792 307 2831 2)
335 2788 378 2823 II
