1952 3118
544 209 561 231 e
577 209 596 242 p
613 198 654 231 is
669 197 746 232 tul
762 209 781 231 a
796 209 812 231 r
825 209 894 232 11111
935 197 1088 232 CXLIV.
1122 197 1257 233 CXLV.
1576 202 1659 242 267

140 329 348 382 profectos
382 331 424 369 et
455 330 571 369 tanta
603 327 723 369 nobis
756 327 1042 369 familiaritate
1076 328 1323 370 coniunctos
1357 330 1548 382 ignorare
1587 342 1666 370 non

139 411 299 451 posses,
335 399 462 440 simul
495 399 621 439 etiam
649 398 747 451 quia
773 399 1071 452 rescriptorum
1099 399 1263 441 debitor
1289 400 1362 442 fui,
1391 413 1483 441 nam
1513 413 1559 441 ex
1587 413 1668 454 quo

141 470 301 523 sumpsi
346 470 570 523 epistulam
616 472 746 519 tuam,
786 470 867 510 nisi
912 483 1021 511 nunc
1065 471 1247 524 primum
1291 471 1558 524 rescripsisse
1603 483 1669 512 me

140 541 298 584 nescio:
333 541 462 582 tantis
496 541 604 582 enim
639 541 750 581 curis
783 541 974 582 obstricti
1002 544 1043 582 et
1069 541 1242 582 distenti
1276 555 1437 591 sumus,
1466 544 1514 582 ut
1545 542 1670 583 etiam

99 630 113 652 5
142 613 219 653 hoc
253 612 451 653 nesciam.

199 683 331 724 Vobis
364 685 503 724 autem
539 696 662 736 quem
697 682 747 724 ad
779 683 951 725 modum
986 683 1042 724 sit
1075 686 1116 724 et
1148 686 1290 724 utrum
1324 684 1446 725 uobis
1487 683 1669 737 aliquam

139 755 341 808 requiem.
380 757 583 807 quantum
622 754 662 795 in
702 754 778 794 bac
815 757 925 795 terra
963 756 1118 806 potest.
1158 754 1352 795 dominus
1396 754 1670 807 praestiterit.

141 825 263 867 ualde
319 838 442 867 nosse
499 826 709 879 cupimus¹¹
768 826 976 878 quoniam,
1035 825 1075 866 si
1134 825 1461 879 glorificatur
1523 838 1672 866 unum

142 896 426 937 membrum.
462 895 777 950 congaudent
810 896 971 937 omnia
1002 896 1217 937 membra
1251 899 1375 949 atque
1403 896 1463 938 ita
1487 897 1673 950 plerum-

85 983 115 1006 ιο
143 980 223 1020 que
257 967 475 1021 contingit.
504 970 563 1014 ut,
592 966 689 1007 dum
725 966 888 1020 aliquos
916 967 1061 1008 fratres
1089 969 1256 1008 nostros
1282 968 1322 1008 in
1351 968 1673 1020 quantulacum-

113 1051 223 1092 -que
266 1038 410 1091 requie
455 1037 710 1078 constitutos
756 1037 796 1077 in
842 1037 991 1078 mediis
1036 1037 1191 1078 nostris
1236 1038 1516 1080 anxietatibus
1562 1039 1675 1093 cogi-

142 1113 296 1152 tamus.
335 1121 413 1150 non
459 1121 589 1162 parua
634 1121 679 1148 ex
724 1110 841 1161 parte
886 1121 1131 1158 recreemur,
1171 1111 1387 1162 tamquam
1433 1111 1476 1151 et
1512 1123 1588 1151 nos
1633 1110 1674 1150 in

142 1180 246 1234 ipsis
287 1180 471 1234 quietius
510 1180 864 1233 tranquilliusque
909 1180 1118 1221 uiuamus.
1165 1180 1359 1232 quamuis
1406 1181 1530 1221 etiam
1579 1193 1672 1222 curn

143 1251 361 1293 molestiae
412 1251 452 1292 in
504 1251 630 1292 liuius
683 1252 795 1292 uitae
845 1251 1074 1305 fragilitate
1129 1251 1412 1293 crebrescunt.
1465 1254 1674 1293 aeternam

85 1341 113 1364 15
141 1323 324 1376 requiem
383 1335 458 1364 nos
516 1323 751 1364 desiderare
809 1322 1077 1376 compellunt.
1138 1322 1320 1364 mundus
1379 1323 1533 1377 quippe
1595 1323 1675 1364 iste

142 1394 418 1448 periculosior
456 1397 520 1435 est
557 1393 736 1435 blandus
777 1407 899 1447 quam
941 1394 1146 1435 molestus
1186 1398 1228 1435 et
1266 1394 1401 1448 magis
1449 1393 1675 1442 cauendus,

146 1478 239 1507 cum
275 1478 318 1506 se
350 1465 487 1506 inlicit
520 1465 652 1519 diligi.
687 1478 811 1518 quam
846 1478 942 1506 cum
976 1465 1172 1506 admonet
1210 1465 1410 1519 cogitque
1450 1464 1675 1508 contemni.

146 1550 240 1578 nam
275 1550 381 1578 cum
417 1536 589 1585 omnia,
624 1549 746 1589 quae
780 1536 825 1577 in
855 1536 928 1577 illo
958 1539 1085 1585 sunt,
1121 1536 1539 1589 concupiscentia
1572 1536 1678 1577 sint

147 1608 309 1649 carnis
337 1612 385 1648 et
411 1608 828 1660 concupiscentia
862 1609 1119 1649 oculorum
1148 1610 1197 1648 et
1223 1608 1430 1649 ambitio
1466 1606 1676 1649 saeculi.

85 1697 121 1722 ρο
147 1692 270 1733 saepe
321 1679 444 1720 etiam
497 1679 577 1722 his.
624 1679 694 1731 qui
743 1679 900 1720 talibus
952 1679 1171 1732 spiritalia.
1222 1678 1467 1720 inuisibilia.
1513 1681 1680 1720 aeterna

147 1752 420 1804 praeponunt,
454 1751 600 1791 inserit
626 1763 670 1791 se
696 1753 882 1792 terrenae
910 1750 1135 1791 suauitatis
1167 1751 1342 1791 affectus
1371 1752 1412 1790 et
1438 1749 1679 1791 delectatio-

148 1821 270 1862 nibus
305 1821 394 1863 suis
426 1824 568 1862 nostra
601 1821 826 1862 comitatur
858 1820 1006 1862 officia.
1047 1823 1201 1874 quanto
1241 1821 1351 1862 enim
1385 1824 1484 1862 sunt
1516 1820 1680 1862 caritati

149 1889 290 1934 futura
322 1893 508 1941 meliora,
536 1894 653 1934 tanto
687 1895 786 1933 sunt
812 1892 1046 1933 infirmitati
1076 1891 1326 1933 uiolentiora
1359 1891 1606 1946 praesentia.
1641 1893 1682 1932 et

150 1963 309 2004 utinam
356 1963 412 2013 hi,
460 1964 530 2017 qui
575 1976 621 2004 ea
671 1963 814 2004 uidere
859 1966 902 2004 et
944 1976 1109 2017 gemere
1161 1967 1382 2011 nouerunt,
1428 1962 1594 2004 uincere
1641 1964 1683 2003 et

94 2053 128 2077 25
153 2035 328 2076 euadere
362 2036 615 2075 mereantur!
651 2034 761 2087 quod
796 2034 883 2075 sine
916 2034 981 2074 dei
1016 2034 1148 2087 gratia
1182 2034 1298 2075 nullo
1326 2034 1449 2075 modo
1483 2034 1680 2074 uoluntas

50 681 77 720 [ὓ

271 2209 291 2242 8
320 2208 334 2242 Ι
362 2207 440 2242 Cor.
472 2209 525 2245 12,
552 2208 596 2243 :26
675 2209 716 2243 18
744 2209 759 2242 I
788 2209 862 2243 1011.
889 2209 921 2244 2.
953 2210 995 2243 16

201 2324 222 2357 2
248 2326 363 2369 possis
390 2324 507 2359 MAR
533 2324 610 2358 edd.
633 2328 781 2368 praeter
802 2336 830 2358 m
908 2324 1006 2368 quial
1031 2335 1101 2369 qua
1119 2325 1152 2358 A
1203 2326 1224 2358 4
1245 2324 1373 2367 nestio,
1395 2336 1438 2359 m.
1461 2327 1486 2358 :2
1505 2325 1624 2359 nescio
1648 2325 1681 2358 P

203 2383 383 2418 obstri-cti
411 2387 446 2417 (n
473 2395 565 2418 eras.
595 2383 627 2426 ?)
653 2384 691 2418 F
738 2384 758 2417 6
786 2395 889 2428 quem
918 2383 1076 2417 nondum
1104 2384 1153 2417 sit
1179 2385 1208 2417 A
1272 2384 1314 2418 lo
1340 2388 1379 2417 ut
1405 2395 1471 2420 om.
1492 2383 1681 2418 PMFAR

204 2442 347 2486 aliquod
374 2443 442 2477 ΓΑ
560 2443 828 2486 quantulacmn.
857 2454 898 2476 m.
928 2445 953 2475 :3
978 2442 1269 2487 quantulacumq.
1297 2442 1333 2476 P
1430 2443 1467 2476 11
1498 2443 1619 2486 requie
1644 2443 1684 2475 in

151 2502 228 2546 fine
252 2513 286 2535 u.
315 2513 382 2538 om.
409 2504 443 2535 A
523 2502 655 2535 nostris
681 2512 761 2538 om..
787 2514 830 2535 m.
860 2505 877 2535 1
905 2501 990 2535 add.
1017 2501 1057 2535 F
1114 2502 1156 2535 12
1183 2512 1386 2535 recreamur
1411 2501 1491 2535 MA
1545 2502 1586 2534 13
1607 2501 1682 2545 qui-

159 2563 249 2601 etus,
274 2572 319 2597 m.
345 2564 364 2594 1
390 2571 479 2595 corr.
508 2561 664 2606 quietius
690 2561 730 2595 F
835 2572 939 2605 quam
971 2564 1052 2594 (01η.
1080 2561 1151 2606 uis)
1177 2561 1212 2594 P
1240 2572 1247 2576 ·
1308 2562 1347 2595 17
1375 2562 1558 2594 cum'cum
1587 2571 1623 2593 se
1650 2560 1685 2594 R

162 2620 203 2653 18
229 2620 518 2665 concupiscentie
543 2620 591 2654 M
704 2620 819 2654 carnis
847 2620 919 2653 sint
945 2621 978 2652 A
1080 2620 1121 2654 19
1150 2619 1447 2665 concupiscenda,
1476 2630 1518 2654 m.
1551 2622 1566 2652 1
1594 2630 1683 2653 corr.

160 2679 450 2724 concupiscentia
475 2679 521 2713 JI
610 2679 656 2715 20
680 2680 725 2714 iis
745 2679 873 2723 slrm
967 2680 1009 2713 21
1039 2673 1076 2711 se
1103 2690 1169 2713 om.
1198 2679 1233 2713 P
1322 2679 1367 2712 22
1395 2678 1625 2712 commitatur
1655 2677 1689 2711 F

160 2738 404 2772 committatur
430 2739 464 2772 P
487 2741 574 2778 (ras,
603 2739 807 2779 comitatur)
835 2738 914 2772 MA
1037 2739 1082 2772 24
1109 2738 1134 2772 ii
1152 2738 1205 2781 sl
1221 2749 1282 2772 rm
1407 2749 1437 2773 a.
1466 2749 1507 2770 m.
1536 2739 1561 2770 2
1586 2748 1628 2771 ea
1656 2737 1688 2770 P

162 2796 206 2831 25
232 2808 344 2830 mere-
372 2800 476 2831 antur
502 2798 642 2840 (fuitne
667 2809 685 2831 a
702 2797 733 2838 ?)
763 2799 792 2831 ,ί
