1952 3118
9 1450 78 1493 226

0 1643 17 1690 tl

0 1690 16 1749 ᾖ,

1 1754 5 1773 l

0 1774 7 1866 ἓ

96 632 113 659 5

81 988 113 1013 10

81 1697 115 1724 20

622 191 1187 246 epistularum'CXLVII.
1583 206 1668 246 299

141 333 239 387 quia
271 333 321 382 is,
357 332 428 385 qui
461 331 700 373 mundando
734 330 848 372 cordi
882 343 1023 372 curam
1056 334 1173 373 tanta
1199 345 1241 373 re
1269 331 1436 387 dignam
1463 346 1543 374 non
1576 333 1669 375 uult

138 403 375 458 inpendere,
406 415 484 444 non
512 402 608 444 uult
634 401 758 443 deum
785 401 956 443 uidere?
983 401 1080 443 uide
1108 402 1299 456 proinde,
1321 403 1422 456 quid
1449 403 1668 458 adiungat:

140 474 240 516 ‘Nec
283 474 325 515 in
370 474 490 523 loco',
526 473 673 527 inquit,
706 472 824 514 ‘deus
868 472 1038 514 uidetur
1082 473 1154 514 sed
1193 473 1350 515 mundo
1386 474 1534 516 corde'.
1570 474 1670 527 quid

139 544 392 593 euidentius,
426 544 526 598 quid
559 543 797 597 expressius
831 542 914 584 dici
945 543 1113 596 potuit?
1147 543 1196 585 ab
1230 544 1306 585 hac
1346 544 1476 598 igitur
1508 545 1669 587 uisione

140 614 331 656 diabolus
377 616 419 655 et
464 613 603 668 angeli
649 612 739 654 eius
786 614 827 653 et
866 624 1009 654 ornnes
1049 625 1144 654 cum
1184 613 1243 654 eis
1282 613 1402 668 impii
1448 615 1537 656 sine
1581 615 1670 656 ulla

138 684 291 726 nebula
335 683 609 725 dubitationis
655 682 811 724 exclusi
850 686 959 734 sunt,
998 683 1194 736 quoniam
1234 684 1388 726 mundo
1429 685 1550 727 corde
1589 698 1668 727 non

140 758 249 798 sunt.
295 768 343 797 ac
387 768 460 808 per
503 755 595 805 hoc,
636 753 747 808 quod
786 753 991 807 scriptum
1038 756 1102 795 est
1145 754 1186 795 in
1231 754 1338 796 libro
1382 756 1456 797 Iob
1501 755 1668 797 uenisse

138 827 310 881 angelos
347 826 387 867 in
427 827 655 880 conspectu
694 824 760 866 dei
799 827 841 866 et
879 824 1046 866 uenisse
1086 837 1181 866 cum
1220 825 1279 866 eis
1319 825 1548 877 diabolum,
1588 839 1667 868 non

135 897 230 939 ideo
264 897 457 939 diabolus
485 897 610 939 deum
636 896 796 938 uidisse
823 896 1053 937 credendus
1080 898 1158 938 est.
1185 896 1266 950 ipsi
1295 897 1402 938 enim
1437 897 1537 940 dicti
1571 902 1669 940 sunt

138 969 306 1011 uenisse
325 969 365 1010 in
389 971 618 1023 conspectu
640 967 719 1018 dei,
741 980 822 1009 non
850 967 953 1009 deus
979 967 1020 1009 in
1049 971 1278 1022 conspectu
1306 982 1465 1011 eorum.
1493 969 1667 1011 ueniunt

138 1042 278 1081 autem
306 1040 345 1081 in
375 1043 604 1094 conspectu
637 1041 794 1081 nostro.
829 1052 935 1092 quae
968 1039 1176 1090 uidemus,
1209 1052 1289 1081 non
1324 1053 1346 1080 a
1374 1041 1526 1094 quibus
1554 1040 1667 1082 uide-

138 1124 244 1153 mur.
289 1112 495 1152 uenerunt
540 1123 652 1165 ergo.
699 1111 812 1152 sicut
855 1110 895 1151 in
941 1110 1088 1151 multis
1134 1110 1350 1153 codicibus
1398 1111 1567 1165 legitur,
1611 1114 1669 1153 ut

138 1182 446 1224 adsisterent
494 1194 656 1223 coram
690 1181 904 1223 domino.
937 1193 1016 1222 non
1050 1184 1099 1222 ut
1131 1194 1267 1223 coram
1300 1182 1406 1236 ipsis
1440 1182 1556 1224 deus.
1592 1195 1665 1224 nec

138 1265 242 1306 opus
276 1255 341 1294 est
372 1253 412 1293 in
446 1253 523 1294 hoc
556 1253 649 1294 loco
675 1252 886 1301 inmorari,
915 1255 963 1293 ut
989 1265 1060 1306 pro
1087 1252 1250 1294 uiribus
1277 1253 1433 1295 nostris
1467 1266 1668 1295 conemur

138 1323 368 1373 ostendere,
413 1336 494 1377 quo
539 1323 663 1365 modo
709 1326 750 1364 et
792 1323 872 1364 hoc
915 1323 1204 1377 temporaliter
1246 1323 1332 1374 fiat,
1373 1337 1468 1366 cum
1512 1324 1554 1365 in
1600 1324 1666 1366 dei

139 1396 366 1448 conspectu
401 1407 566 1448 semper
598 1394 682 1436 sint
715 1394 866 1436 omnia.

195 1466 318 1507 Nunc
364 1466 473 1506 enim
519 1467 745 1519 quaeritur,
798 1478 879 1518 quo
930 1465 1053 1507 modo
1105 1465 1302 1507 uideatur
1344 1465 1447 1507 deus
1492 1479 1572 1508 non
1618 1478 1665 1507 ea

137 1537 291 1591 specie,
338 1550 419 1589 qua
458 1540 500 1579 et
541 1537 709 1579 in=isto
756 1538 925 1579 saeculo
972 1537 1225 1590 quibusdam
1270 1537 1410 1579 uoluit
1454 1549 1664 1590 apparere,

137 1609 300 1662 quando
334 1622 413 1650 non
447 1609 585 1650 solum
619 1621 714 1651 cum
747 1609 957 1650 Abraham
990 1609 1168 1662 aliisque
1199 1609 1325 1650 iustis
1357 1622 1505 1651 uerum
1538 1608 1664 1651 etiam

139 1692 233 1722 cum
274 1679 374 1722 Cain
413 1679 626 1721 fratricida
664 1680 834 1721 locutus
874 1683 952 1722 est.
993 1679 1067 1721 sed
1105 1692 1187 1733 quo
1227 1679 1350 1721 modo
1389 1680 1586 1721 uideatur
1622 1679 1662 1721 in

137 1751 210 1793 illo
242 1764 383 1806 regno,
416 1752 487 1792 ubi
522 1763 618 1792 eum
651 1751 726 1792 filii
754 1751 844 1793 eius
870 1751 1089 1800 uidebunt,
1117 1750 1244 1792 sicuti
1271 1753 1347 1794 est.
1380 1754 1482 1793 tunc
1510 1751 1664 1805 quippe

256 1938 277 1971 3
305 1953 348 1965 =
375 1949 410 1982 p.
436 1937 516 1975 291.
547 1938 588 1971 14
729 1938 767 1977 ’ῖς
796 1938 838 1971 1‘2
865 1937 929 1971 Iob
959 1938 988 1980 1,
1015 1938 1054 1975 ὃς
1081 1937 1113 1976 2,
1144 1938 1159 1971 1
1296 1937 1338 1971 19
1365 1935 1454 1972 Gen.
1485 1937 1538 1977 18,
1567 1937 1602 1972 1:
1629 1938 1661 1971 4.

139 1995 253 2031 6—15
983 2004 987 2008 ’

188 2092 202 2125 1
232 2091 262 2125 is
288 2102 366 2134 om.,
393 2102 439 2124 m.
467 2093 492 2124 2
517 2090 564 2134 (Ρ)
594 2090 681 2124 add.
709 2090 751 2124 H
772 2090 828 2124 his
861 2090 910 2124 M
937 2090 974 2132 <h
1003 2092 1110 2133 eras.)
1143 2090 1182 2124 F
1209 2089 1246 2133 (h
1280 2092 1373 2134 exp.)
1406 2090 1439 2123 A
1604 2091 1664 2134 qui

138 2160 204 2185 om.
230 2150 342 2185 HFA
441 2153 565 2184 tantae
592 2150 642 2184 rei
669 2150 851 2194 Pslrm
949 2149 1134 2194 indignam
1160 2149 1208 2183 M
1279 2150 1300 2183 3
1328 2149 1429 2183 uidet
1454 2149 1489 2183 Α
1562 2150 1583 2183 4
1611 2151 1663 2183 ui-

140 2208 293 2248 dentiae,
320 2220 363 2243 m.
390 2211 409 2242 1
435 2219 526 2243 corr.
553 2207 757 2243 euidentius
784 2209 825 2242 H
927 2209 948 2242 5
976 2211 1012 2242 et
1037 2209 1173 2253 omnes]
1200 2218 1323 2242 omnes
1350 2212 1386 2242 et
1412 2207 1446 2241 L
1472 2219 1665 2252 omnesque

146 2266 178 2301 Τ
200 2278 319 2302 omnes
346 2270 427 2311 (om.
455 2272 505 2310 et)
539 2267 569 2301 O
713 2268 831 2312 impii*
852 2269 899 2310 (m
925 2268 1103 2311 semiras.)
1134 2267 1164 2302 Ο
1301 2268 1322 2302 6
1348 2265 1472 2301 mundi
1504 2266 1536 2300 T
1559 2271 1664 2309 (corr.

139 2326 283 2370 mundo)
313 2327 343 2360 ()
440 2327 461 2360 8
489 2326 638 2371 angelus
664 2326 708 2360 H
808 2330 1036 2371 conspectum
1064 2326 1105 2360 F
1124 2325 1205 2360 edd.
1229 2329 1375 2370 praeter
1401 2337 1423 2359 α
1523 2328 1560 2360 et
1585 2337 1665 2361 om..

139 2396 183 2420 m.
208 2388 227 2419 1
257 2385 343 2420 add.
369 2386 416 2420 M
491 2386 532 2420 10
559 2388 787 2431 conspectum
819 2385 897 2420 HF
918 2385 997 2419 edd.
1020 2389 1170 2430 praeter
1195 2396 1218 2419 a
1300 2387 1529 2430 conspectum
1555 2384 1668 2418 HFP

139 2443 218 2479 edd,
341 2445 381 2479 11
411 2448 642 2490 conspectum
675 2449 836 2479 nostrum
863 2444 1061 2479 HMFAP
1091 2443 1170 2480 edd.
1308 2444 1352 2478 13
1378 2443 1444 2478 deo
1472 2443 1670 2478 HMFAP

140 2502 217 2538 edd.
245 2503 370 2548 (Vuly.
410 2515 526 2538 corani
565 2503 720 2547 domino,
759 2504 931 2548 Septuaq.
971 2502 1117 2537 ἐνώπιον
1144 2507 1204 2537 τοῦ
1236 2502 1365 2548 κυρίου,
1392 2501 1504 2536 ἔναντι
1535 2501 1665 2546 κυρίη»)

143 2562 185 2595 14
210 2565 264 2596 est
291 2574 378 2608 opus
404 2563 484 2597 edd.
584 2564 619 2597 in
646 2574 712 2597 om.
741 2562 938 2596 HMFAP
962 2561 1041 2595 edd.
1112 2563 1154 2596 16
1182 2562 1255 2596 sint
1282 2562 1401 2595 onmia
1428 2572 1567 2605 semper
1585 2561 1665 2595 edd.

143 2620 184 2654 17
211 2621 304 2655 enim
330 2633 375 2656 m.
402 2624 427 2656 2
452 2623 492 2655 in
516 2630 590 2656 ras.
621 2621 651 2655 O
781 2622 823 2655 18
850 2622 885 2654 in
912 2632 991 2663 om.,
1017 2631 1062 2654 m.
1091 2622 1116 2654 3
1142 2620 1229 2656 add.
1254 2612 1290 2654 'L
1437 2619 1665 2664 quibusdam]

142 2679 268 2723 quibus
294 2680 329 2714 P
416 2681 457 2715 19
485 2691 563 2715 cum
590 2691 658 2715 om.
685 2680 721 2715 P
809 2681 854 2714 20
881 2679 959 2714 cain
986 2691 1030 2713 m,
1059 2681 1089 2723 2,
1108 2680 1149 2713 in
1174 2690 1247 2715 ras.
1275 2683 1307 2713 et
1333 2690 1443 2723 super
1467 2689 1488 2712 n
1518 2690 1552 2712 a.
1578 2689 1623 2712 m.
1650 2678 1662 2711 1

140 2747 173 2771 m
199 2738 235 2772 P
350 2740 392 2774 21
424 2740 503 2774 *ubi
531 2739 564 2773 A
688 2740 781 2784 euin}
810 2750 888 2773 eum
916 2739 1058 2773 nonnisi
1090 2738 1122 2772 Τ
1254 2738 1318 2772 filii
1346 2738 1403 2772 dei
1430 2737 1605 2772 uidebunt
1631 2738 1663 2771 A

143 2795 317 2832 uidebunt
342 2798 405 2832 filii
434 2799 511 2832 eius
538 2798 618 2833 edd.
