1924 3122
35 1025 146 1069 V17

151 969 184 995 10

154 1325 187 1351 15

670 178 1023 224 epistularum
1064 178 1271 214 CXXXVII.
1654 184 1731 224 121

207 312 376 359 feratur,
404 310 476 351 ubi
510 309 636 350 etiam
668 308 783 362 ipsos
816 309 1078 362 praedictum
1112 311 1178 351 est
1209 323 1289 351 non
1323 310 1454 352 fuisse
1488 311 1737 354 credituros.

207 383 365 436 templa
409 385 449 422 et
495 381 720 423 simulacra
763 381 1015 422 daemonum
1061 381 1253 434 ritusque
1298 382 1493 437 sacrilegi
1531 383 1736 436 paulatim

208 456 333 507 atque
361 452 596 494 alternatim
630 451 861 493 secundum
895 451 1107 504 praedicta
1138 453 1382 505 prophetica
1415 453 1735 495 subuertuntur.

208 525 400 566 haereses
429 524 631 564 aduersus
658 535 806 564 nomen
836 522 991 565 Christi
1020 523 1098 564 sub
1126 523 1364 565 uelamento
1392 528 1530 565 tamen
1558 524 1738 566 nominis

209 595 365 638 Christi
415 595 465 636 ad
516 593 785 636 exercendam
836 593 1069 635 doctrinam
1123 597 1290 635 sanctae
1347 595 1579 649 religionis,
1629 595 1741 637 sicut

208 666 524 720 praenuntiatae
575 667 685 715 sunt,
736 664 962 717 pullulant.
1015 665 1116 706 haec
1175 666 1314 707 omnia
1371 666 1483 707 sicut
1539 667 1741 721 leguntur

207 738 435 791 praedicta,
463 738 520 778 ita
553 738 779 778 cernuntur
802 736 979 789 impleta
1005 739 1130 789 atque
1158 749 1202 778 ex
1230 736 1295 778 his
1322 737 1404 777 iam
1431 739 1496 779 tot
1522 741 1563 779 et
1598 738 1739 787 tantis,

211 822 316 863 quae
348 811 520 859 restant,
555 809 825 861 expectantur
856 807 1083 861 implenda.
1118 820 1224 861 quae
1257 807 1424 849 tandem
1467 821 1584 849 niens
1617 809 1742 850 auida

210 880 467 922 aeternitatis
500 879 698 932 uitaeque
731 878 964 932 praesentis
991 878 1200 920 breuitate
1227 882 1417 933 permota
1444 882 1588 921 contra
1614 880 1740 921 huius

210 952 376 993 diuinae
408 950 672 992 auctoritatis
703 951 845 991 lumen
877 950 1127 1003 culmenque
1160 950 1413 992 contendat?

272 1021 386 1074 Quae
414 1021 737 1076 disputationes,
759 1033 864 1075 quae
884 1020 1049 1062 litterae
1072 1021 1359 1074 quorumlibet
1380 1021 1743 1075 philosophorum,

212 1107 316 1147 quae
342 1094 458 1147 leges
486 1091 771 1145 quarumlibet
797 1091 1019 1133 ciuitatum
1048 1091 1212 1133 duobus
1239 1093 1487 1146 praeceptis,
1515 1105 1561 1133 ex
1589 1092 1743 1146 quibus

213 1164 406 1207 Christus
441 1164 542 1205 dicit
573 1166 706 1205 totam
739 1163 878 1217 legem
917 1163 1228 1216 prophetasque
1266 1163 1460 1216 pendere,
1494 1163 1579 1205 ullo
1619 1164 1742 1205 modo

213 1238 310 1278 sunt
337 1234 667 1288 comparandae?
702 1234 899 1289 Diliges
934 1234 1185 1276 dominum
1219 1234 1360 1275 deum
1387 1237 1527 1276 tuum
1556 1247 1609 1276 ex
1635 1236 1741 1276 toto

214 1307 359 1349 corde
394 1309 476 1348 tuo
512 1309 641 1347 etex
675 1308 782 1347 tota
814 1305 974 1346 anima
1006 1308 1091 1346 tua
1130 1308 1180 1346 et
1219 1318 1271 1346 ex
1309 1307 1416 1346 tota
1455 1307 1618 1347 mente
1658 1307 1743 1346 tua

214 1380 257 1419 et
301 1377 484 1431 diliges
530 1377 806 1431 proximum
858 1379 996 1417 tuum
1047 1379 1297 1429 tamquam
1349 1379 1395 1417 te
1447 1376 1623 1428 ipsum.
1675 1377 1744 1418 hic

213 1449 400 1504 physica,
441 1449 635 1501 quoniam
676 1460 819 1489 omnes
866 1448 1053 1489 omnium
1098 1450 1339 1488 naturarum
1386 1459 1536 1488 causae
1580 1448 1621 1488 in
1667 1447 1743 1489 deo

214 1523 398 1562 creatore
432 1523 548 1567 sunt;
583 1519 651 1560 hic
685 1519 835 1569 ethica,
869 1519 1064 1572 quoniam
1097 1519 1187 1559 uita
1224 1519 1330 1560 bona
1371 1520 1412 1559 et
1451 1518 1627 1560 honesta
1665 1532 1744 1560 non

335 1647 377 1681 12
404 1647 533 1681 Matth.
561 1646 618 1687 22,
645 1647 691 1680 40
768 1647 809 1680 14
836 1646 966 1682 Matth.
995 1646 1051 1689 22,
1080 1647 1140 1686 37;
1170 1646 1214 1679 39

264 1720 278 1753 1
309 1718 434 1763 fuisse]
464 1729 541 1752 esse
571 1717 636 1752 CR
733 1717 944 1761 crediturus,
971 1728 1015 1751 m.
1044 1719 1069 1751 2
1096 1715 1294 1750 credituros
1327 1716 1377 1750 W
1456 1717 1476 1750 2
1502 1716 1683 1761 rictusque
1710 1717 1746 1751 R

262 1778 440 1822 sacrilegi,
469 1789 511 1811 m.
541 1779 566 1810 2
592 1776 773 1820 sacrilegii
806 1776 856 1810 W
878 1776 1060 1820 sacrilegii
1091 1775 1235 1810 CHRA
1334 1776 1354 1809 3
1382 1787 1474 1820 aque
1507 1775 1538 1809 T
1644 1787 1745 1820 prae-

214 1838 312 1873 dicta
336 1837 538 1883 prophetia,
565 1848 609 1870 m.
640 1838 663 1870 3
688 1835 893 1882 praedictas
919 1836 1129 1881 prophetias
1156 1836 1200 1869 H
1293 1835 1514 1870 subuertitur
1539 1835 1578 1869 D
1639 1837 1661 1869 4
1687 1835 1746 1869 ad-

215 1908 355 1931 uersum
392 1896 595 1931 CWBMP
624 1894 740 1929 aduer'
777 1896 811 1929 A
938 1906 1079 1937 nomen,
1113 1905 1157 1928 m.
1193 1896 1217 1928 3
1248 1894 1403 1928 nominis
1435 1894 1480 1927 H
1513 1894 1666 1928 hominis
1698 1893 1746 1927 Pl

216 1958 235 1991 7
263 1957 331 1991 iam
359 1967 425 1990 om.
455 1956 496 1989 K
591 1956 642 1999 et]
668 1966 709 1989 ac
740 1954 791 1988 W
885 1955 905 1989 8
934 1953 1108 1999 explenda
1133 1953 1177 1988 H
1279 1953 1396 1997 abida,
1423 1965 1467 1987 m.
1497 1955 1522 1987 2
1547 1952 1654 1987 auida
1684 1953 1750 1987 TC

214 2015 347 2051 habida
374 2016 416 2049 K
534 2015 554 2048 9
582 2015 679 2049 uitae
707 2025 796 2059 quae
823 2014 910 2048 DM
934 2016 1021 2056 (ras.
1048 2017 1082 2048 et
1108 2024 1198 2048 corr.
1226 2013 1409 2057 uitaeque)
1520 2023 1687 2057 praesens
1713 2013 1747 2046 A

261 2075 317 2110 ius
348 2075 398 2109 W
422 2074 558 2119 (spatio
587 2076 612 2108 2
638 2074 660 2108 l.
689 2078 775 2108 ante
801 2073 939 2115 relicto)
967 2073 1010 2107 H
1033 2075 1090 2116 (m.
1121 2075 1144 2106 3
1169 2072 1290 2115 huius)
1376 2073 1418 2107 10
1443 2072 1562 2106 lumen
1591 2072 1746 2106 culmen-

216 2135 298 2180 que]
324 2135 516 2178 lumenque
543 2133 581 2167 D
656 2133 695 2167 11
725 2132 995 2177 disputationis,
1021 2143 1064 2165 m.
1095 2134 1120 2165 2
1146 2131 1409 2176 disputationes
1442 2130 1492 2165 W
1576 2131 1617 2164 12
1644 2130 1747 2174 legis,

215 2206 260 2228 m.
289 2196 313 2228 2
337 2194 436 2238 leges
468 2193 518 2227 W
656 2191 911 2237 quarumlibet]
942 2191 1186 2236 quorumlibet
1212 2190 1286 2225 DA
1428 2189 1625 2229 ciuitatem,
1653 2201 1696 2223 m.
1726 2192 1750 2222 2

217 2254 403 2288 ciuitatum
431 2253 478 2286 M
573 2252 654 2295 duo,
681 2263 726 2286 m.
756 2253 781 2285 2
806 2251 944 2285 duobus
976 2250 1027 2284 W
1117 2251 1158 2285 13
1186 2250 1273 2284 dicit
1299 2250 1452 2284 christus
1478 2249 1525 2282 M
1619 2251 1746 2283 totuin.

216 2324 260 2346 m.
289 2315 314 2347 2
339 2315 452 2346 totam
479 2311 523 2345 H
652 2311 784 2355 legere,
810 2321 854 2344 m.
882 2313 900 2343 1
927 2321 1018 2344 corr.
1045 2308 1200 2355 pendere
1226 2309 1274 2343 M
1408 2309 1506 2342 nullo
1534 2310 1569 2353 (n
1599 2307 1681 2349 del.)
1710 2307 1751 2340 H

219 2373 261 2406 14
287 2372 359 2405 sint
385 2371 466 2405 MP
489 2370 568 2405 edd.
669 2369 790 2414 diligis
821 2369 887 2404 TC
911 2371 1015 2412 (corr.
1044 2369 1186 2414 diliges)
1219 2367 1269 2402 W
1293 2372 1351 2410 (m.
1379 2370 1404 2402 2
1430 2367 1573 2411 diliges)
1601 2366 1642 2400 Κ
1666 2366 1746 2400 dili-

218 2442 304 2475 gens
331 2431 370 2465 D
479 2433 579 2464 tuum
607 2441 673 2464 om.
700 2429 736 2463 B
860 2429 902 2462 15
930 2431 965 2462 et
992 2439 1031 2462 ex
1058 2431 1138 2462 ‘tota
1164 2428 1282 2461 anima
1307 2430 1371 2461 tua
1398 2429 1432 2461 et
1460 2438 1498 2460 ex
1526 2429 1603 2460 tota
1629 2427 1747 2459 mente

217 2492 280 2524 tua
305 2501 383 2533 om.,
410 2501 454 2523 m.
478 2491 502 2523 2
529 2489 614 2523 add.
643 2491 679 2523 et
706 2500 745 2523 ex
771 2490 852 2522 tota
877 2491 997 2522 mente
1024 2490 1086 2522 tua
1114 2491 1150 2521 et
1177 2499 1216 2521 ex
1243 2489 1321 2521 tota
1348 2487 1467 2520 anima
1491 2488 1554 2519 tua
1579 2484 1629 2518 W
1652 2487 1687 2518 et
1709 2494 1747 2517 ex

216 2550 295 2583 tota
320 2552 439 2583 mente
466 2552 529 2582 tua
557 2551 592 2582 et
619 2558 659 2582 ex
685 2550 764 2581 tota
791 2547 911 2581 anima
937 2550 1000 2580 tua
1032 2546 1152 2580 THP¹
1181 2549 1282 2580 et'ex
1309 2548 1388 2579 tota
1415 2545 1531 2579 anima
1556 2547 1620 2577 tua
1646 2546 1682 2577 et
1709 2553 1748 2575 ex

218 2609 296 2641 ‘tota
321 2607 457 2641 uirtute
483 2610 547 2640 tua
572 2606 613 2639 K
686 2608 727 2640 16
756 2608 791 2640 et
819 2615 885 2639 om.
914 2605 948 2639 Β
1046 2605 1168 2649 diligis
1200 2604 1230 2639 C
1254 2607 1360 2646 (corr.
1389 2603 1532 2645 diliges)
1566 2601 1614 2635 W
1637 2604 1695 2643 (m.
1725 2602 1749 2633 2

218 2664 363 2710 diliges)
392 2665 433 2698 K
531 2666 571 2699 17
600 2664 772 2698 filosofica
803 2663 835 2697 T
860 2652 1090 2709 philosophia
1116 2663 1163 2697 Ι)ι
1262 2661 1554 2696 omnes-ethica
1582 2659 1748 2705 quoniam

218 2734 284 2759 om.
310 2725 346 2758 B
462 2724 586 2767 omnis,
613 2735 657 2757 m.
686 2725 711 2757 2
737 2734 857 2757 omnes
891 2722 941 2756 W
1036 2723 1077 2756 18
1106 2724 1264 2756 creatore
1291 2733 1334 2755 m.
1362 2723 1387 2754 2
1413 2724 1452 2754 ul
1479 2720 1554 2753 uid.
1583 2730 1625 2753 ex
1652 2729 1747 2752 crea-

218 2786 295 2817 ture
322 2782 357 2817 R
454 2783 525 2827 hic]
555 2785 590 2816 et
616 2783 673 2816 hic
700 2783 735 2816 A
834 2781 969 2826 ethica]
998 2781 1118 2815 betica
1148 2781 1177 2814 C
1202 2783 1237 2815 et
1264 2780 1320 2814 hic
1350 2779 1389 2812 Κ
