1924 3122
124 697 177 737 12

180 997 213 1022 10

699 213 1052 258 epistularum
1091 211 1319 248 CXXXVIII.
1693 217 1770 258 137

244 357 338 386 cum
372 343 540 386 uidetur
571 343 609 385 ei
641 343 907 398 profuturum
941 356 1048 394 esse,
1080 346 1251 398 propter
1282 357 1406 397 quem
1440 344 1488 385 fit
1521 343 1572 385 ad
1604 357 1773 398 operan-

243 415 336 456 dam
378 415 418 455 in
459 427 505 457 eo
545 414 843 457 correctionem
884 417 1010 467 atque
1050 415 1329 458 concordiam.
1370 415 1448 456 hoc
1492 418 1600 456 certe
1634 415 1772 456 animo

242 486 479 527 faciendum
518 488 595 536 est,
636 485 761 527 etiam
802 485 837 526 si
871 485 977 526 alius
1019 485 1153 527 exitus
1187 488 1469 539 consequatur
1507 498 1580 527 nec
1621 485 1773 540 corrigi

241 557 346 598 uelit
379 559 503 610 atque
536 556 688 610 pacari,
716 558 886 609 propter
917 569 1039 609 quem
1068 556 1359 611 corrigendum
1388 559 1512 610 atque
1541 557 1772 611 pacandum

241 628 362 669 uelut
393 627 621 669 curandum
656 630 697 669 et
730 627 961 668 sanandum
994 627 1183 668 adhibita
1216 630 1282 668 est
1313 627 1397 668 ista
1428 627 1647 668 medicina.

299 698 497 752 Alioquin
526 699 560 739 si
583 699 711 740 uerba
731 698 1044 740 adtenderimus
1067 711 1293 751 eorumque
1315 698 1561 753 proprietati
1590 698 1772 739 seruien-

240 769 340 810 dum
373 770 680 823 putauerimus,
707 782 788 811 non
816 772 881 810 est
906 768 1140 822 praebenda
1168 769 1334 810 dextera
1366 769 1549 818 maxilla,
1578 769 1613 810 si
1645 768 1771 810 fuerit

240 840 409 882 sinistra
441 853 654 895 percussa,
689 840 904 893 quoniam:
946 839 995 882 Si
1030 840 1140 893 quis
1173 842 1235 890 te,
1269 840 1419 893 inquit,
1453 839 1770 893 percusserit

239 911 284 953 in
318 912 571 953 maxillam
613 911 879 960 dexteram.v
912 911 1095 964 praebe
1134 911 1215 952 illi
1249 913 1296 952 et
1329 911 1600 952 sinistram.
1634 909 1769 963 magis

239 984 380 1024 autem
408 982 578 1024 sinistra
603 982 851 1036 percutitur.
875 982 986 1036 quod
1014 995 1036 1023 a
1062 982 1230 1024 dextera
1255 982 1444 1024 ferientis
1471 981 1635 1023 facilior
1660 981 1769 1022 ictus

239 1056 317 1095 est.
352 1054 426 1095 sed
458 1054 518 1095 sic
551 1054 741 1108 intellegi
776 1053 898 1104 solet,
932 1066 979 1095 ac
1013 1053 1049 1094 si
1083 1053 1244 1095 dictum
1278 1056 1410 1095 esset:
1451 1053 1494 1095 Si
1529 1053 1622 1106 quis
1656 1052 1695 1093 in
1729 1054 1768 1093 te

238 1125 411 1166 meliora
443 1125 570 1166 fuerit
601 1126 865 1178 persecutus,
899 1126 940 1166 et
971 1124 1165 1166 inferiora
1202 1125 1239 1165 ei
1278 1124 1442 1178 praebe,
1476 1137 1526 1165 ne
1559 1123 1768 1164 uindictae

237 1195 379 1248 potius
412 1208 537 1249 quam
570 1195 794 1248 patientiae
829 1195 1003 1237 studens
1038 1198 1281 1237 contemnas
1315 1198 1482 1238 aeterna
1510 1208 1582 1249 pro
1609 1197 1769 1247 tempo-

236 1266 408 1317 ralibus,
443 1280 538 1309 cum
571 1266 714 1321 potius
746 1266 995 1320 temporalia
1026 1279 1100 1320 pro
1134 1267 1313 1308 aeternis
1341 1265 1643 1308 contemnenda
1670 1265 1767 1316 sint,

195 1339 449 1391 5tamquam
497 1338 667 1380 sinistra
710 1351 784 1391 pro
830 1338 999 1380 dextris.
1045 1338 1146 1380 haec
1193 1350 1357 1391 semper
1401 1338 1483 1379 fuit
1527 1339 1769 1379 sanctorum

236 1411 466 1463 martyrum
492 1409 686 1458 intentio;
715 1408 902 1450 uindicta
930 1409 1040 1450 enim
1069 1409 1221 1450 ultima
1246 1409 1359 1450 iusta
1379 1408 1579 1462 poscitur,
1602 1408 1766 1462 quando

235 1481 378 1522 nullus
405 1481 487 1521 iarn
515 1482 648 1522 restat
674 1480 945 1522 correctionis
967 1481 1100 1529 locus,
1123 1483 1306 1521 extremo
1328 1480 1492 1521 scilicet
1519 1491 1767 1532 summoque

231 1550 404 1594 iudicio.
448 1564 558 1593 nunc
602 1564 700 1593 uero
746 1551 977 1592 cauendum
1024 1553 1102 1600 est,
1147 1564 1196 1592 ne
1246 1550 1485 1592 uindicandi
1531 1550 1760 1604 cupiditate

233 1623 464 1674 amittatur,
497 1625 545 1664 ut
576 1622 682 1663 nihil
719 1622 846 1669 aliud,
880 1623 972 1676 ipsa
1009 1622 1225 1676 patientia,
1259 1634 1364 1676 quae
1402 1622 1534 1676 pluris
1572 1620 1762 1663 habenda

351 1785 371 1819 s
398 1784 526 1818 matth.
555 1786 587 1827 5,
614 1785 659 1818 39

282 1867 297 1901 1
328 1867 443 1912 quem]
473 1878 513 1901 ea
540 1867 577 1901 D
674 1866 889 1912 operandam
917 1878 960 1900 m.
988 1869 1007 1901 1
1032 1877 1075 1901 ea:
1101 1866 1320 1912 operandum
1347 1866 1395 1901 M
1465 1867 1487 1900 4
1513 1866 1650 1911 pagari,
1679 1877 1721 1899 m.
1744 1868 1762 1899 1

231 1935 321 1960 corr.
348 1926 466 1971 pacari
492 1925 535 1960 H
631 1929 739 1970 atque
767 1925 965 1971 pacandum
992 1936 1059 1960 om.
1087 1925 1159 1960 ER
1245 1926 1265 1959 6
1294 1925 1507 1970 proprietati
1534 1924 1761 1959 seruiendum

231 1985 296 2027 (ati
323 1996 359 2019 se
388 1985 587 2025 inductum)
614 1984 654 2019 E
772 1984 992 2029 proprietate
1018 1984 1054 2020 R
1152 1985 1171 2018 7
1207 1987 1262 2018 est
1294 1995 1360 2018 om.
1388 1984 1426 2018 D
1522 1983 1762 2028 praebendam

231 2043 389 2078 dextram
416 2044 595 2078 maxillam
621 2044 660 2078 D
770 2044 914 2078 maxilla
940 2044 1086 2078 dextera
1111 2043 1191 2080 edd.
1303 2043 1426 2078 dextra
1452 2043 1558 2077 ACP
1658 2043 1702 2086 si}
1733 2042 1762 2075 si

230 2114 301 2136 non
328 2103 400 2137 ER
481 2103 625 2137 sinistra
652 2103 761 2137 fuerit
787 2102 865 2137 edd.
930 2104 950 2137 9
977 2103 1013 2137 in
1040 2114 1107 2138 om.
1134 2102 1217 2137 MP
1240 2105 1297 2146 (m.
1326 2105 1351 2137 2
1378 2102 1480 2143 add.)
1580 2101 1761 2136 dexteram

229 2162 270 2196 in
288 2162 368 2206 fine
393 2174 428 2196 u.
455 2173 523 2197 om,
551 2162 585 2196 A
612 2162 773 2197 dextram
800 2162 915 2197 MCP
939 2162 1112 2197 drestram
1139 2162 1177 2196 D
1315 2161 1463 2207 praebe»
1485 2161 1531 2195 M
1669 2161 1701 2195 ei
1727 2161 1762 2195 A

233 2221 275 2255 10
302 2221 396 2266 quod
424 2233 444 2255 a
470 2221 594 2256 dextra
619 2221 658 2256 D
684 2221 779 2266 quod
807 2233 841 2256 a·
867 2222 903 2261 <d
924 2224 1033 2264 eras.)
1060 2221 1206 2256 dextera
1225 2222 1260 2256 P
1285 2232 1330 2267 qu
1371 2222 1379 2254 l
1407 2224 1496 2263 (ras.
1525 2223 1623 2254 ,2-ίῖ
1650 2220 1688 2255 Η
1716 2219 1760 2254 ad

230 2280 375 2315 dextera
401 2284 458 2322 (m.
481 2283 506 2315 2
532 2280 691 2325 dextera)
713 2281 752 2315 E
775 2281 869 2326 quod
897 2281 1089 2316 addextera
1108 2281 1144 2316 R
1171 2279 1267 2326 quod
1294 2280 1338 2315 ad
1366 2281 1545 2315 dexteram
1567 2280 1648 2314 MC
1672 2280 1715 2314 er
1730 2291 1763 2313 m

230 2350 335 2384 quam
362 2339 485 2374 dextra
511 2340 594 2385 quia
614 2341 649 2374 A
676 2340 770 2386 quod
798 2341 832 2374 in
862 2351 939 2374 eam
966 2341 1085 2385 potius
1113 2344 1250 2386 parterii
1274 2351 1379 2385 quam
1401 2339 1446 2374 ad
1468 2340 1648 2374 dexteram
1676 2339 1768 2382 aef

277 2398 416 2433 facilior
431 2399 592 2433 ferientis
610 2400 645 2433 P
724 2400 894 2434 ferientes
909 2400 948 2434 D
1021 2400 1175 2443 facilium
1191 2412 1233 2434 m.
1250 2402 1275 2434 2
1289 2400 1428 2434 facilior
1446 2399 1476 2432 ('
1539 2399 1575 2433 11
1596 2398 1760 2442 intellegi

231 2457 282 2492 sic
308 2457 342 2491 A
395 2459 436 2492 12
465 2457 574 2492 fuerit
600 2468 668 2492 om.
689 2458 727 2492 D
801 2461 1022 2503 prosecutus,
1050 2470 1092 2492 m.
1121 2461 1146 2493 2
1174 2463 1210 2492 ut
1236 2458 1314 2492 uid.
1341 2461 1550 2503 persecutus
1578 2457 1613 2490 Ρ
1639 2468 1763 2491 conse-

231 2518 333 2550 cutus
348 2516 387 2550 E
459 2516 503 2561 ei]
527 2520 563 2551 et
579 2517 643 2551 secl
662 2527 754 2552 eras.
769 2517 805 2552 R
878 2517 1009 2562 praebe
1030 2518 1089 2562 ne}
1113 2517 1459 2562 pbenef01·tassee.c
1475 2516 1582 2561 phere
1604 2524 1662 2557 (ne
1678 2527 1720 2549 m.
1738 2518 1763 2549 2

230 2574 466 2617 disiunctum)
494 2575 541 2609 M
563 2575 709 2620 prebere
736 2578 771 2610 A
842 2577 884 2610 13
910 2577 1089 2621 patientia
1115 2580 1174 2619 (m.
1202 2579 1228 2611 2
1254 2576 1466 2621 patientiae)
1499 2593 1514 2607 ι
1543 2574 1690 2608 studens
1717 2574 1764 2608 Μ

229 2634 427 2678 patientiae
455 2638 509 2668 est
535 2634 683 2668 studens
710 2635 744 2669 A
837 2638 1069 2669 contemnaris
1096 2635 1135 2670 D
1161 2635 1366 2680 contempni
1394 2636 1426 2669 A
1482 2635 1523 2668 14
1549 2633 1762 2678 temporalia

229 2693 349 2736 potius
376 2693 424 2727 M
511 2692 584 2727 sint
608 2704 683 2727 ras.
711 2705 754 2728 ea:
779 2697 864 2728 sunt
889 2694 924 2729 R
1019 2695 1061 2728 15
1089 2695 1271 2728 sinistram
1298 2694 1336 2728 D
1432 2694 1472 2727 lo
1501 2693 1595 2726 iuste
1618 2692 1657 2726 E
1681 2691 1763 2726 edd.

231 2751 274 2785 19
293 2751 509 2785 admittatur
528 2752 566 2786 D
585 2752 752 2787 mittatur
765 2752 813 2786 M
830 2755 888 2795 (m.
910 2755 928 2786 1
946 2764 1037 2789 corr.
1060 2753 1263 2793 amittatur)
1284 2753 1318 2786 A
1394 2756 1432 2785 ut
1453 2751 1541 2785 nihil
1564 2750 1662 2785 aliud
1685 2762 1762 2794 esp.

230 2808 277 2842 Μ
291 2820 334 2843 m.
358 2811 384 2843 2
402 2809 472 2844 del.
489 2810 522 2844 P
541 2812 581 2844 ut
601 2811 689 2844 nihil
711 2810 809 2845 aliud
831 2810 946 2845 dicam
961 2811 999 2844 E
1017 2810 1096 2847 edd.
1172 2811 1291 2856 plures
1311 2810 1350 2844 D
1425 2815 1478 2843 est
1498 2809 1663 2844 habenda
1684 2808 1762 2842 edd·
