1924 3122
23 2857 32 3122 --..—..——--..-—-
19 2706 28 2851 ω..-

666 170 1018 216 epistularum
1057 169 1286 206 CXXXVIII.
1658 174 1742 214 143

213 301 396 355 pessima
446 313 668 343 successus
713 300 936 341 habuerint
980 302 1021 341 et
1071 301 1224 353 quanto
1275 299 1552 341 humanarum
1603 313 1743 342 rerum

214 373 323 414 malo
362 372 436 414 illa
473 372 673 426 iniquitas
717 374 961 426 prosperata
1006 371 1074 421 sit,
1115 383 1223 412 nunc
1267 370 1439 425 longum
1485 373 1550 413 est
1594 371 1742 414 dicere.

214 443 387 485 audiant
417 443 633 484 satiricum
667 455 791 484 suum
825 441 1042 497 garriendo
1076 455 1176 483 uera
1208 442 1432 484 dicentem:

357 525 562 567 Seruabat
593 527 730 566 castas
764 524 938 566 humilis
971 525 1138 566 fortuna
1169 524 1338 565 Latinas

172 612 187 637 5
357 596 565 650 quondam
598 609 672 637 nec
704 596 823 637 uitiis
857 595 1044 649 contingi
1075 608 1204 648 parua
1236 595 1400 636 sinebat

358 670 469 709 tecta
499 667 616 709 labor
647 667 866 720 somnique
898 667 1049 708 breues
1083 668 1125 707 et
1156 667 1314 707 uellere
1348 666 1483 707 Tusco

357 741 528 779 uexatae
562 738 770 791 duraeque
803 750 953 778 manus
987 739 1028 778 et
1061 737 1272 790 proximus
1306 736 1399 777 urbi

357 808 566 850 Hannibal
598 811 640 849 et
671 810 831 850 stantes
866 808 1028 850 Collina
1059 810 1172 849 turre
1203 807 1357 849 mariti.

357 876 465 922 nunc
496 881 680 934 patimur
709 881 860 935 longae
892 880 1008 933 pacis
1041 879 1162 931 mala,
1195 879 1360 921 saeuior
1391 879 1518 921 armis

155 967 188 992 10
358 952 521 993 luxuria
552 952 746 994 incubuit
778 951 1026 1004 uictumque
1059 951 1282 993 ulciscitur
1314 951 1471 994 orbem.

356 1022 518 1064 nullum
551 1023 705 1064 crimen
740 1022 859 1063 abest
890 1022 1140 1074 facinusque
1173 1021 1375 1071 libidinis,
1411 1034 1457 1062 ex
1490 1033 1571 1075 quo

356 1095 580 1148 paupertas
613 1094 800 1135 Romana
831 1093 949 1146 perit.

217 1177 317 1231 quid
359 1177 491 1231 igitur
533 1179 741 1231 expectas,
781 1178 827 1218 ut
868 1189 943 1230 ego
985 1188 1246 1230 exaggerem,
1282 1176 1436 1228 quanta
1467 1175 1578 1217 mala
1609 1175 1746 1229 inpor-

215 1248 370 1290 tauerit
408 1261 607 1290 successu
640 1260 838 1301 prospero
872 1247 1071 1300 iniquitas
1106 1247 1341 1296 subleuata,
1379 1246 1542 1299 quando
1577 1246 1745 1299 quidem

160 1334 191 1359 15
218 1322 258 1361 et
289 1319 384 1373 ipsi,
418 1320 489 1373 qui
522 1320 734 1374 aliquanto
767 1318 1017 1373 prudentius
1058 1318 1350 1365 adtenderunt,
1384 1318 1479 1370 plus
1520 1317 1745 1359 dolendum

217 1391 413 1432 uiderunt
443 1393 732 1445 paupertatem
766 1403 890 1443 quam
925 1389 1181 1443 opulentiam
1215 1389 1375 1442 perisse
1409 1388 1666 1430 Romanam?
1705 1388 1746 1428 in

216 1462 290 1502 illa
328 1462 436 1503 enim
475 1474 639 1503 morum
676 1461 897 1515 integritas
931 1461 1191 1502 seruabatur.
1231 1472 1303 1513 per
1339 1459 1446 1500 hanc
1486 1462 1626 1500 autem
1666 1471 1745 1500 non

217 1545 359 1574 muros
398 1533 514 1574 urbis
553 1532 624 1574 sed
664 1535 824 1573 mentes
863 1532 996 1585 ipsius
1037 1530 1224 1572 ciuitatis
1271 1530 1358 1571 <lira
1403 1530 1590 1583 nequitia
1634 1530 1747 1571 omni

218 1603 337 1644 hoste
364 1603 482 1656 peior
505 1603 676 1656 inrupit.

104 1672 155 1713 17
172 1691 206 1715 20
280 1673 448 1716 Gratias
482 1674 649 1716 domino
677 1674 753 1715 deo
782 1675 939 1723 nostro,
969 1673 1039 1726 qui
1068 1675 1211 1713 contra
1236 1671 1318 1713 ista
1345 1671 1456 1713 mala
1482 1671 1599 1713 misit
1626 1671 1746 1713 nobis

219 1745 473 1786 adiutorium
498 1745 722 1799 singulare.
744 1758 825 1798 quo
854 1744 963 1785 enim
991 1756 1069 1784 non
1098 1743 1280 1793 tolleret,
1303 1755 1426 1796 quem
1455 1755 1533 1784 non
1560 1742 1749 1784 inuolue-

335 1863 357 1896 4
384 1863 508 1896 quen.
535 1864 567 1905 6,
593 1862 782 1896 287—295

265 1946 285 1980 2
313 1945 394 1980 illae
415 1945 453 1979 D
502 1945 523 1979 3
550 1944 739 1989 garriendo
767 1955 834 1979 om.
856 1944 928 1979 ER
955 1943 1128 1989 gariando
1151 1945 1185 1978 A
1234 1945 1257 1978 4
1284 1943 1464 1989 seruabat]
1487 1944 1618 1978 quen.
1645 1954 1746 1988 prae-

218 2004 339 2039 stabat
419 2008 538 2039 castus
564 2004 718 2038 humiles
744 2003 783 2037 D
833 2005 852 2037 5
880 2004 1033 2043 sinebat,
1057 2015 1099 2038 m.
1123 2006 1148 2038 2
1165 2014 1280 2048 supra
1305 2004 1322 2037 1
1348 2003 1517 2037 sinebant
1536 2003 1592 2047 P‚·
1614 2003 1745 2036 quen.

218 2063 384 2098 sinebant
493 2064 513 2097 6
541 2063 745 2107 somnisque
773 2063 817 2097 H
909 2063 1038 2097 brebes
1064 2063 1103 2097 D
1200 2063 1438 2097 belleretusco
1465 2062 1503 2095 D
1529 2061 1623 2096 belle
1649 2064 1746 2096 retus

219 2133 287 2167 quo
314 2123 350 2158 R
375 2122 568 2157 uelleretus
596 2133 657 2157 co*
676 2124 734 2165 (m.
754 2125 779 2156 2
799 2123 1045 2166 coniunctum)
1066 2123 1113 2157 M
1133 2122 1265 2156 uellere
1284 2125 1286 2167 ᾗ
1305 2122 1510 2156 'ffx'u'tuscow
1531 2122 1619 2166 (ras.
1649 2123 1747 2155 3-4

219 2182 259 2224 l.;
286 2193 306 2216 n
335 2186 401 2216 aut
428 2194 448 2216 u
474 2183 580 2225 eras.)
606 2182 642 2216 P
696 2182 714 2215 7
744 2183 794 2226 etl
824 2193 864 2217 ac
891 2183 969 2217 edd.
995 2193 1060 2217 sec.
1089 2183 1221 2218 quen.
1321 2181 1418 2216 urbis
1445 2182 1484 2215 Il
1541 2181 1562 2215 8
1589 2184 1688 2215 stans
1715 2181 1750 2214 P

265 2248 369 2284 terre,
396 2254 440 2275 m.
467 2245 486 2275 1
512 2252 602 2276 corr.
629 2243 728 2275 turre
756 2241 799 2275 H
822 2244 900 2276 turc
927 2242 974 2276 M
998 2242 1034 2275 iu
1063 2244 1159 2275 turre
1187 2241 1266 2277 edd.
1365 2242 1492 2275 marini
1520 2241 1555 2274 P
1626 2241 1646 2274 9
1674 2251 1746 2274 ser-

218 2301 295 2335 uior
321 2301 426 2334 arinis
453 2301 491 2334 1)
516 2300 667 2334 seuitiae
694 2300 767 2335 ER
843 2300 886 2335 10
912 2300 1085 2334 luxuriam
1117 2300 1148 2335 R
1223 2301 1444 2344 uictumque,
1472 2311 1516 2333 m.
1545 2302 1570 2332 2
1596 2299 1746 2332 uictam-

218 2370 284 2404 que
310 2360 392 2394 MP
415 2360 619 2404 uictamque
650 2359 722 2393 HA
807 2359 928 2393 orbem
956 2370 1023 2393 om.
1050 2359 1123 2394 ER
1150 2359 1273 2393 urbem
1304 2358 1461 2392 JIMAP
1524 2359 1561 2391 11
1591 2357 1744 2402 nullum}

218 2420 253 2452 et
278 2418 416 2452 nullum
443 2418 515 2453 ER
630 2417 817 2462 sanusque,
844 2430 888 2452 m.
915 2420 934 2451 1
961 2428 1053 2452 corr.
1079 2418 1289 2462 facinusque
1316 2417 1362 2451 M
1484 2416 1526 2450 1ῑῖ
1555 2427 1638 2459 ergo
1666 2415 1745 2450 edd.

266 2488 460 2522 exagerem,
487 2490 530 2511 m.
559 2480 584 2512 2
610 2489 820 2522 exaggerem
847 2477 882 2511 P
981 2478 1022 2512 14
1051 2488 1234 2511 successu*
1261 2477 1352 2520 (suit
1380 2479 1408 2510 s]
1440 2476 1469 2509 (J
1577 2486 1746 2519 prospero

217 2535 390 2581 iniquitas
417 2536 472 2571 bis
498 2537 532 2570 A
634 2538 674 2572 15
702 2535 910 2580 aliquando.
938 2548 981 2569 m.
1010 2539 1028 2569 1
1054 2547 1143 2571 corr.
1173 2536 1358 2580 aliquanto
1386 2535 1429 2569 Π
1534 2533 1745 2579 prudentius

218 2598 252 2640 (p
279 2606 352 2629 ras.
380 2607 423 2630 ex
448 2597 484 2640 p)
510 2595 556 2630 M
700 2594 889 2629 dolendam
916 2595 995 2629 edd.
1017 2599 1167 2640 praeter
1192 2607 1226 2629 m
1369 2596 1409 2628 16
1437 2594 1584 2638 periisse
1612 2592 1690 2626 DE
1714 2604 1746 2626 ηι

220 2654 260 2688 17
288 2656 424 2699 autem]
453 2655 545 2689 enim
573 2654 646 2689 ER
770 2655 812 2689 18
840 2655 935 2688 orbis
961 2655 996 2689 R
1054 2646 1059 2653 ¹
1095 2656 1225 2689 mentis
1251 2653 1338 2688 DM
1360 2665 1418 2697 lm.
1448 2656 1472 2686 :2
1497 2655 1649 2693 mentes)
1677 2651 1748 2684 ΑΡ

266 2713 378 2747 ‹lisfra
405 2716 463 2755 (cx
489 2712 578 2747 dura
604 2713 636 2757 ?)
663 2714 701 2748 D
822 2714 867 2748 ‘20
895 2713 976 2758 deo]
1004 2713 1070 2748 dno
1099 2725 1133 2747 ιιι
1161 2714 1254 2758 exp.)
1280 2713 1327 2747 Μ
1446 2713 1487 2745 21
1518 2710 1746 2752 adiutorium,

221 2783 263 2806 m.
292 2776 309 2806 1
335 2783 425 2806 corr.
453 2772 671 2807 adiutorium
699 2773 742 2807 H
838 2774 922 2818 quol
952 2784 1055 2817 quem
1078 2773 1113 2806 P
1208 2771 1346 2806 tollerit
1365 2771 1402 2806 R
1500 2769 1694 2804 inuoluerit
1711 2768 1746 2803 R
