1952 3118
163 465 183 484 O
196 466 211 483 ξ’

162 483 185 504 ιζ)
193 483 215 504 -)

251 134 335 174 482
726 130 759 163 S.
797 129 980 163 Aureli
1019 130 1304 179 Augustini

249 260 374 300 multi
420 262 517 300 sunt
562 259 683 310 tales,
733 259 803 312 qui
849 258 976 300 etiam
1022 261 1173 312 putant
1211 259 1291 300 sibi
1330 259 1380 300 ad
1420 260 1632 313 augendas
1679 273 1779 312 opes

251 344 348 372 suas
383 334 425 371 et
456 330 778 383 multiplicanda
818 329 1123 371 delectamenta
1161 334 1324 371 terrena
1356 331 1601 385 religionem
1637 331 1781 372 suffra-

250 402 338 455 gari
372 402 520 442 debere
556 401 853 443 Christianam.

312 472 393 514 Sed
420 486 499 514 non
529 474 628 514 sunt
655 473 761 514 tales
790 473 945 515 diuites
978 472 1216 523 Christiani,
1245 472 1328 525 (1111,
1362 472 1463 514 lieet
1489 473 1569 513 ista
1598 475 1780 517 teneant,

250 556 329 584 non
371 546 508 584 tamen
550 544 598 584 ab
641 543 699 584 eis
739 544 797 585 ita
836 545 1043 593 tenentur,
1085 547 1131 583 ut
1170 544 1270 584 haec
1306 542 1472 584 Christo
1514 546 1782 597 anteponant,

251 615 349 667 quia
387 615 527 656 ueraci
567 615 690 656 eorde
730 615 898 656 saeculo
945 615 1252 662 renuntiarunt,
1294 616 1341 654 ut
1378 614 1537 655 nullam
1585 628 1701 667 spem
1741 615 1781 655 in

250 686 408 726 talibus
456 688 623 738 ponant.
664 686 705 726 hi
745 699 892 727 uxores
934 688 975 727 et
1012 685 1122 727 filios
1162 686 1467 739 uniuersasque
1506 686 1691 727 familias
1732 686 1783 726 ad

252 757 535 799 Christianam
580 758 828 812 religionem
873 757 1095 798 tenendam
1148 770 1247 797 sana
1299 757 1495 798 erudiunt
1539 757 1783 809 disciplina;

250 829 399 869 horum
453 829 601 870 domus
653 829 945 882 hospitalitate
998 830 1208 869 feruentes
1265 828 1473 880 recipiunt
1528 829 1691 870 iustum
1742 828 1783 868 in

250 900 415 941 nomine
448 900 565 949 iusti,
599 902 648 940 ut
681 900 918 941 mercedem
953 900 1054 941 iusti
1089 899 1318 953 accipiant3
1352 900 1550 953 frangunt
1583 899 1782 940 esurienti

251 983 400 1024 panem
441 984 580 1021 suuni,
621 972 778 1011 nudum
820 971 1021 1022 uestium,
1061 971 1275 1024 captiuum
1315 970 1541 1021 redimunt,
1580 971 1785 1011 thesauri-

253 1044 348 1082 zant
388 1042 485 1083 sibi
525 1041 904 1083 fundamentum
944 1042 1122 1082 bonum
1162 1042 1207 1082 in
1249 1042 1486 1092 futurum,
1525 1043 1577 1082 ut
1617 1041 1781 1094 adpre-

252 1112 471 1154 hendant
499 1126 663 1154 ueram
691 1114 867 1163 uitam;
898 1120 939 1154 et
961 1114 996 1154 si
1022 1114 1128 1155 forte
1157 1126 1228 1166 pro
1256 1113 1337 1154 fide
1360 1112 1517 1154 Christi
1542 1113 1783 1165 pecuniaria

252 1183 401 1225 damna
444 1185 715 1238 perpetienda
761 1188 871 1235 sunt,
926 1185 1101 1226 oderunt·
1145 1184 1318 1226 diuitias
1365 1198 1481 1227 suas:
1529 1185 1564 1225 si
1610 1197 1782 1225 suorum

253 1255 452 1297 orbitates
492 1257 560 1297 uel
607 1256 891 1308 separationes
936 1269 1008 1309 pro
1050 1255 1217 1297 Christo
1257 1256 1441 1297 minatur
1479 1256 1546 1297 hio
1585 1255 1782 1305 mundus,

252 1327 429 1368 oderunt
466 1329 671 1380 parentes,
711 1328 873 1378 fratres⁷
913 1327 1035 1377 filios,
1077 1340 1242 1377 uxores3
1283 1330 1494 1381 postremo
1535 1327 1571 1369 si
1610 1327 1659 1367 de
1691 1328 1783 1380 ipsa

251 1399 377 1440 huius
405 1399 589 1451 eorporis
610 1399 700 1440 uita
721 1412 815 1440 eum
838 1398 1076 1440 aduersario
1099 1399 1395 1452 paciscendum
1417 1401 1494 1449 est,
1521 1411 1571 1439 ne
1593 1399 1783 1439 desertus

253 1470 417 1511 deserat
463 1469 672 1520 Christus,
719 1470 896 1511 oderunt
938 1471 1109 1524 insuper
1147 1472 1188 1511 et
1227 1471 1406 1511 animam
1452 1483 1583 1511 suam.
1631 1470 1679 1510 de
1717 1470 1784 1510 his

253 1541 406 1595 quippe
446 1541 640 1582 omnibus
679 1541 923 1582 mandatum
970 1543 1233 1595 aeceperunt,
1279 1541 1391 1594 quod
1429 1541 1550 1582 aliter
1587 1541 1787 1593 discipuli

254 1612 410 1654 Christi
444 1625 535 1654 esse
569 1625 649 1653 non
682 1613 860 1665 possint.

312 1684 400 1724 Nee
434 1686 589 1734 tamen,
624 1683 721 1737 quia
753 1686 1023 1737 praeceptum
1053 1686 1118 1725 est
1146 1684 1217 1735 eis,
1250 1687 1298 1725 ut
1325 1684 1485 1725 oderint
1511 1697 1583 1737 pro
1619 1682 1786 1724 Christo

254 1757 295 1796 et
328 1755 486 1796 animas
522 1767 633 1805 suas,
669 1755 906 1796 uendendas
942 1768 1009 1796 eas
1037 1755 1193 1796 habent
1220 1758 1292 1796 aut
1318 1755 1459 1796 inlatis
1487 1754 1568 1795 sibi
1593 1754 1787 1795 manibus

254 1825 538 1876 effundendas,
579 1826 652 1866 secl
693 1826 822 1878 parati
865 1829 963 1867 sunt
997 1839 1065 1867 eas
1100 1826 1291 1866 amittere
1326 1839 1396 1879 pro
1433 1826 1589 1867 Christi
1621 1825 1788 1866 nomine

253 1897 479 1945 moriendo,
514 1909 563 1937 ne
590 1897 747 1938 mortui
780 1896 927 1937 uiuant
961 1896 1174 1938 Christum
1209 1897 1410 1951 negando.
1446 1896 1504 1937 sie
1533 1899 1573 1937 et
1601 1896 1787 1946 diuitias,

374 2060 394 2093 9
421 2058 550 2094 Matth.
581 2059 634 2099 10,
661 2059 703 2092 41
808 2059 850 2092 10
878 2060 935 2094 lis.
966 2060 1021 2094 :38
1051 2060 1086 2101 ῖς
1115 2059 1247 2093 Matth.
1276 2060 1332 2099 25,
1360 2060 1500 2093 313—:36
1583 2060 1621 2092 11
1652 2058 1667 2091 I
1695 2059 1785 2092 Tim.

256 2123 288 2159 ⁴3,
318 2120 360 2153 19
438 2120 479 2153 16
506 2120 590 2155 Luc.
623 2120 676 2158 14,
705 2120 749 2154 26

303 2203 324 2236 ‘2
351 2207 493 2236 terrena
521 2201 787 2236 delectamenta
818 2202 850 2235 Τ
947 2201 1069 2235 deberi
1096 2202 1283 2245 suffragari
1311 2202 1345 2234 P
1427 2202 1449 2235 4
1476 2200 1788 2236 sed—Christiani

256 2272 321 2295 om.
350 2262 384 2294 Ρ
459 2261 606 2294 diuitias
640 2261 669 2295 O
726 2261 745 2294 5
774 2261 816 2294 ab
845 2271 911 2295 om.
944 2260 973 2294 C
997 2261 1056 2304 (m.
1083 2264 1102 2294 1
1129 2260 1230 2303 aad.)
1263 2260 1327 2294 OL
1383 2263 1402 2294 13
1429 2261 1728 2294 renuntiauerunt
1754 2260 1786 2293 L

305 2321 404 2354 nulla
430 2321 465 2354 1’
540 2322 557 2354 7
587 2320 638 2354 hii
670 2320 768 2353 CPL
842 2321 862 2354 ὃ
891 2321 1068 2364 erudiant⁷
1097 2332 1140 2353 m.
1168 2323 1186 2353 1
1213 2331 1302 2355 corr.
1331 2319 1498 2354 erudiunt
1529 2320 1558 2353 (J
1637 2320 1679 2354 14
1705 2331 1786 2364 per-

257 2379 433 2424 pedienda
462 2379 497 2412 1¹
571 2380 613 2413 15
642 2379 842 2413 orbitantes
875 2379 904 2413 C
931 2383 966 2423 (n
994 2390 1101 2421 eras.)
1136 2379 1165 2414 0
1264 2379 1499 2424 separationis
1526 2380 1561 2412 Ι)
1640 2379 1682 2412 16
1709 2379 1789 2423 ipsa

258 2451 324 2475 om.
353 2439 385 2472 L
510 2439 550 2472 17
578 2439 685 2472 huius
714 2450 781 2473 om.
809 2439 844 2472 1²
970 2439 1164 2481 aduersari⁷
1191 2450 1235 2472 m.
1264 2442 1282 2472 1
1309 2438 1378 2483 (??)
1405 2449 1495 2472 corr.
1524 2438 1727 2472 aduersario
1759 2438 1793 2472 O<

259 2498 300 2531 18
330 2500 365 2531 et
392 2509 459 2532 om.
491 2497 523 2531 Τ
548 2497 627 2532 edd.
763 2498 899 2532 animas
927 2510 1008 2532 suas
1035 2498 1068 2531 L
1196 2498 1239 2531 iis
1258 2498 1340 2541 flr
1354 2510 1387 2531 m
1511 2498 1552 2531 11>
1579 2497 1787 2531 mandatum

259 2559 473 2600 nocetam-unt
500 2556 594 2600 quod
623 2568 690 2591 om.
717 2557 749 2589 L
849 2557 1057 2602 acciperunt
1087 2557 1118 2591 C
1140 2559 1244 2600 (corr.
1273 2559 1500 2601 aeceperunt)
1532 2560 1561 2590 ()
1635 2557 1679 2590 20
1706 2568 1787 2601 pos-

258 2619 338 2650 sent
365 2617 399 2649 P
423 2619 577 2660 possunt
602 2616 677 2649 LT
760 2617 801 2650 21
833 2616 951 2650 derint
983 2617 1012 2650 (J
1038 2617 1080 2659 (1-1
1107 2619 1213 2658 eras.)
1248 2615 1276 2650 O
1350 2617 1392 2649 22
1421 2616 1504 2660 sibi]
1535 2616 1619 2658 suis,
1645 2616 1708 2650 secl
1733 2617 1788 2650 uis

257 2677 297 2708 in
325 2686 396 2708 ras.
424 2686 468 2708 m.
496 2678 534 2708 ut
561 2674 637 2707 uidi
665 2677 684 2707 1
715 2673 743 2708 O
865 2676 909 2709 223
938 2677 1030 2715 sunt,
1060 2686 1132 2709 ras.
1161 2675 1232 2709 sint
1263 2676 1292 2708 (J
1316 2675 1387 2709 sint
1413 2675 1448 2708 P
1573 2687 1635 2719 pro
1664 2675 1787 2708 christi

258 2734 400 2768 nomine
422 2734 587 2768 amittere
610 2734 793 2767 moriendo
813 2734 845 2767 'J'
893 2735 937 2767 24
957 2734 1126 2779 negandi]
1146 2735 1176 2767 l¹
1249 2736 1295 2778 etl
1319 2734 1410 2768 enini
1435 2747 1455 2767 (ι
1480 2734 1585 2768 etiam
1609 2737 1684 2769 cett.
1707 2734 1786 2768 edd.

1809 913 1849 938 10

1810 1268 1844 1294 15

1812 1625 1848 1650 20
