1952 3118
100 975 132 1001 10

100 1331 132 1356 15

98 1687 134 1713 20

674 192 1025 236 epistularum
1066 192 1167 229 CXL.
1600 197 1686 238 223

156 323 230 366 sed
261 323 478 364 humiliter
511 322 670 364 dictum
711 324 795 368 est:
837 322 930 375 quis
971 322 1081 364 enim
1121 323 1180 365 sic
1221 328 1464 377 praesumat
1503 324 1552 366 de
1592 337 1686 366 con-

157 394 331 436 scientia
369 406 458 434 sua.
506 395 552 434 ut
596 394 735 433 certus
781 392 836 433 sit
882 406 971 434 eam
1023 393 1104 434 sibi
1155 393 1195 434 in
1247 394 1402 436 iudicio
1449 394 1514 435 dei
1561 408 1685 448 posse

157 465 362 513 sufficere,
402 464 480 505 nisi
522 463 816 505 misericordes
854 463 1181 506 misericorditer
1218 465 1404 507 iudicet?
1444 465 1685 507 iudicium

158 537 282 577 enim
334 536 439 577 sine
491 534 840 576 misericordia
891 535 984 576 illi.
1038 535 1120 588 qui
1172 549 1260 577 non
1317 536 1442 578 fecit
1498 536 1686 578 miseri-

158 607 387 649 cordiam.
426 607 543 659 ipsae
582 608 722 647 autem
756 610 853 647 sunt
886 606 1102 660 lampades
1136 619 1333 648 accensae
1368 620 1493 660 opera
1526 607 1689 648 scilicet

156 679 276 725 bona,
322 677 372 718 de
423 677 576 730 quibus
629 677 822 719 domiuus
874 677 994 718 dicit:
1046 678 1266 719 Luceant
1319 691 1465 731 opera
1519 680 1686 719 uestra

158 761 317 790 coram
366 748 666 797 hominibus,
713 754 765 788 ut
816 748 1021 790 uideant
1071 749 1195 790 bona
1246 749 1378 790 facta
1428 752 1597 790 uestra
1641 752 1686 789 et

157 820 452 874 glorificent
479 822 667 873 patrem
697 823 934 862 uestrum.
965 820 1046 873 qui
1080 820 1125 861 in
1160 821 1314 861 caelis
1350 823 1437 862 est.
1465 820 1685 872 hucusque

156 891 366 945 pertendit
398 891 574 932 intentio
608 891 820 945 uirginum
862 891 1131 944 sapientium,
1165 895 1213 932 ut
1250 891 1342 932 ideo
1382 891 1516 932 uelint
1553 890 1686 932 uideri

157 962 206 1002 ab
240 962 480 1003 hominibus
514 962 621 1003 bona
654 975 777 1015 opera
804 975 892 1009 sua,
921 975 999 1003 non
1028 975 1109 1015 quo
1139 962 1188 1003 ab
1218 962 1277 1003 eis
1305 963 1529 1003 laudentur
1555 962 1685 1015 ipsae,

158 1033 231 1074 sed
266 1036 311 1074 ut
344 1033 603 1087 glorificetur
635 1032 753 1083 deus,
782 1046 805 1074 a
832 1046 912 1086 quo
940 1033 1024 1074 illis
1059 1037 1136 1081 est,
1165 1033 1276 1085 quod
1308 1033 1411 1074 bene
1445 1036 1686 1086 operantur:

158 1116 204 1144 ac
245 1117 316 1157 per
354 1103 430 1145 hoc
472 1103 666 1144 interiore
706 1104 812 1144 bono
852 1103 1048 1157 gaudent,
1083 1103 1195 1156 quod
1229 1106 1294 1145 est
1319 1116 1456 1145 coram
1491 1103 1580 1151 deo,
1616 1103 1686 1143 ubi

159 1175 442 1228 elemosyna
476 1175 521 1215 in
557 1175 771 1223 occulto,
807 1179 862 1216 ut
894 1179 1047 1228 pater,
1082 1175 1164 1228 qui
1204 1175 1343 1216 uidet
1382 1175 1427 1215 in
1470 1174 1685 1216 occulto.

158 1245 339 1287 reddat.
380 1249 421 1287 et
459 1245 551 1288 ideo
591 1259 670 1287 nou
710 1246 911 1288 deficiunt
948 1246 1179 1299 lampades,
1221 1247 1317 1299 quia
1355 1246 1550 1287 interiore
1595 1246 1685 1286 oleo

160 1320 421 1370 uegetantun
460 1317 502 1358 id
542 1320 607 1358 est
644 1317 874 1358 intentione
913 1318 1043 1358 bonae
1090 1317 1383 1366 conscientiae,
1423 1330 1504 1370 qua
1548 1329 1685 1357 coram

158 1388 233 1429 deo
273 1388 319 1428 fit
358 1389 396 1429 in
437 1388 527 1429 eius
567 1389 757 1442 gloriam,
792 1389 991 1442 quicquid
1032 1402 1169 1430 coram
1209 1388 1452 1430 hominibus
1486 1388 1526 1428 in
1566 1387 1685 1428 bonis

159 1459 352 1512 operibus
392 1461 517 1501 lucet.
559 1464 601 1501 at
640 1473 737 1501 uero
779 1461 1004 1501 stultarum
1047 1459 1257 1514 uirginum
1298 1460 1375 1500 hoc
1421 1458 1561 1500 oleum
1606 1471 1685 1499 non

158 1543 300 1572 secum
335 1531 591 1583 portantium
621 1530 821 1572 deficiunt
848 1531 1077 1584 lampades,
1105 1531 1147 1571 id
1175 1533 1239 1572 est
1266 1544 1343 1572 non
1371 1532 1689 1585 perseueranter

159 1601 264 1643 bona
299 1615 420 1655 opera
453 1603 607 1651 lucent,
637 1614 730 1642 cum
764 1601 855 1642 laus
889 1601 1017 1643 fuerit
1049 1601 1229 1642 humana
1262 1601 1488 1651 subtracta,
1515 1602 1687 1654 propter

159 1685 280 1725 quam
323 1673 394 1714 illa
432 1673 639 1714 faciebant
680 1673 900 1726 hucusque
933 1672 1205 1714 intentionem
1243 1684 1362 1713 suam
1395 1671 1685 1725 perducentes.

158 1747 204 1785 ut
236 1743 475 1785 uiderentur
500 1744 548 1785 ab
578 1743 830 1793 hominibus,
865 1757 944 1785 non
979 1745 1025 1784 ut
1058 1742 1361 1797 glorificaretur
1387 1745 1517 1796 pater,
1547 1742 1618 1796 qui
1645 1742 1684 1782 in

158 1814 284 1856 caelis
319 1817 395 1865 est,
425 1828 529 1868 quae
563 1815 736 1856 intentio
770 1818 961 1868 perennis
995 1820 1060 1856 est
1094 1814 1263 1869 gloriae,
1291 1827 1373 1867 qua
1406 1814 1525 1855 nouit
1550 1813 1687 1855 anima

275 1990 295 2023 3
324 1990 394 2024 Iac.
421 1991 452 2025 ⁴3.
483 1991 524 2024 12)»
617 1991 637 2023 6
664 1989 794 2024 Matth.
822 1991 855 2032 Γ),
884 1990 926 2024 16
1022 1991 1062 2024 13
1089 1989 1221 2023 Matth.
1249 1989 1282 2030 6,
1308 1990 1330 2023 4
1423 1989 1464 2022 21
1493 1987 1623 2022 Matth.
1653 1990 1685 2029 6,

161 2050 195 2086 l:
225 2052 256 2089 ἴ),
288 2050 330 2083 16

207 2144 221 2177 1
251 2144 337 2178 sic„
364 2144 504 2187 (fuitne
530 2145 570 2177 ut
597 2142 628 2187 .9)
666 2143 694 2176 Τ
765 2144 785 2177 2
814 2143 882 2177 sibi
909 2155 975 2177 om.
1011 2143 1039 2176 T
1111 2145 1131 2177 3
1158 2143 1360 2177 misericors
1386 2141 1465 2176 edd.
1489 2144 1635 2185 praeter
1655 2153 1683 2174 m

157 2203 179 2237 4
205 2203 327 2237 fecerit
363 2203 392 2236 Τ
486 2206 506 2236 6
535 2203 697 2237 dominus
725 2214 790 2237 om.
823 2202 900 2237 GN
1001 2203 1132 2236 «licitur
1157 2202 1198 2236 N
1290 2201 1435 2235 luceant
1460 2200 1553 2234 bona
1579 2211 1685 2245 opera

159 2262 236 2295 cdd.
312 2266 432 2296 uestra
457 2261 551 2296 bona
577 2273 692 2296 coram
720 2261 762 2295 N
815 2263 833 2296 7
863 2265 1073 2296 iit—uestra
1099 2273 1165 2296 om.
1193 2261 1232 2294 N
1257 2260 1335 2295 edd.
1435 2259 1627 2293 uideantur
1660 2258 1688 2291 'l'

206 2322 256 2365 etl
286 2324 324 2355 ut
349 2321 391 2355 N
461 2323 481 2354 9
508 2320 622 2355 uideri
649 2321 763 2355 uelint
798 2321 825 2353 'l'
900 2322 942 2355 10
969 2331 1078 2365 opera
1104 2332 1169 2354 sua
1194 2320 1290 2354 bona
1316 2319 1395 2354 edd.
1481 2319 1581 2363 ipsae
1607 2318 1682 2351 lau-

158 2379 286 2414 dentur
318 2381 416 2425 ipsae
448 2383 557 2423 (post.
591 2380 690 2424 ipsae
719 2380 802 2422 del.)
828 2379 870 2413 N
990 2380 1031 2413 12
1059 2380 1114 2423 ac]
1146 2380 1212 2413 hac
1239 2378 1272 2412 L
1418 2377 1578 2412 interiori
1606 2376 1682 2411 edd.

206 2450 349 2483 quoram
378 2439 411 2472 L
533 2438 605 2478 ubi,
631 2451 675 2474 m.
698 2441 723 2473 2
751 2439 801 2472 uti
830 2438 872 2472 N
990 2438 1033 2472 14
1059 2437 1185 2473 reddet
1216 2437 1245 2469 O
1360 2448 1450 2482 quac
1481 2436 1552 2470 GT
1576 2435 1622 2480 qd
1648 2435 1690 2468 N

205 2497 366 2531 interiori
392 2498 470 2533 edd.
561 2499 602 2531 17»
631 2501 823 2539 uegetatur
848 2498 883 2532 R
982 2497 1135 2531 intentio
1163 2497 1274 2531 LGT
1371 2496 1610 2530 conscientiae
1638 2495 1683 2534 (ci

157 2566 200 2590 ea:
225 2567 315 2592 corr.
342 2569 387 2591 m.
415 2560 452 2598 2)
489 2557 517 2590 'I'
614 2558 697 2602 quia
732 2558 759 2590 'I'
834 2558 875 2591 16
904 2557 1020 2600 gloria
1048 2556 1081 2591 G
1107 2558 1166 2600 (m.
1195 2556 1391 2600 ἓηιὶιῃηῑα
1419 2566 1527 2598 super
1553 2566 1572 2588 a
1599 2554 1684 2588 add.

156 2615 248 2657 uid)
282 2615 310 2648 Τ
418 2627 562 2659 quoram
596 2616 624 2649 L
712 2617 752 2650 17
782 2616 860 2650 oleo
893 2616 922 2650 O
1015 2617 1056 2649 18
1084 2618 1370 2660 perseuerautur,
1398 2626 1440 2648 m.
1471 2617 1493 2646 ,Ἰ
1520 2624 1683 2658 perseue—

157 2678 275 2709 ranter
293 2675 328 2709 R
353 2676 585 2719 proficientur
612 2675 640 2708 Τ
665 2675 867 2719 proficiunt.
897 2687 939 2710 m.
961 2677 986 2708 2
1010 2672 1126 2718 supra
1155 2676 1302 2719 prosunt
1326 2674 1357 2707 G
1477 2672 1518 2705 19
1546 2671 1681 2715 lucent!

157 2733 330 2768 facientes
364 2734 393 2768 T
418 2734 634 2768 facientibus
664 2736 696 2767 (γ’
836 2734 993 2769 humana
1018 2733 1126 2768 fuerit
1153 2733 1232 2768 edd.
1344 2733 1388 2766 20
1416 2731 1561 2773 faciant,
1587 2741 1632 2765 m.
1660 2734 1685 2765 :3

157 2791 337 2827 faciebant
370 2793 399 2825 Τ
470 2794 515 2827 22
543 2794 660 2827 anima
687 2794 752 2832 bis,
781 2794 934 2827 alterum
961 2793 1028 2827 del.
1057 2792 1088 2827 L
