1952 3118
77 950 109 973 10

79 1305 110 1330 1⁵

538 162 646 207 epis
662 162 885 197 tularuin
925 162 1065 199 CLVII.
1105 162 1265 198 CLVIII.
1578 166 1670 207 489

138 295 219 335 iam
243 293 283 334 in
305 292 471 335 saeculo
496 294 753 347 mergentem
781 316 836 321 —
863 305 956 333 naui
985 292 1237 334 scholastico
1265 293 1530 347 proconsulis
1558 294 1664 335 exci-

138 365 279 419 piebat
310 389 365 392 ——
399 376 472 417 per
504 375 640 404 ineam
673 362 782 404 eruit
815 363 918 404 deus
951 363 1247 406 humilitatem.
1287 364 1369 406 fuit
1401 364 1585 418 quidem,
1617 368 1667 407 ut

139 435 311 490 puerilis
357 438 470 476 aetas
515 434 654 483 habet,
699 437 932 488 promptus,
977 434 1283 488 aliquantulum
1322 435 1551 489 inquietus,
1591 436 1663 478 sed

139 506 360 549 accedente
393 508 529 547 aetate
560 529 619 534 —
651 518 742 546 nam
778 505 1013 559 uigensimo
1048 508 1090 547 et
1122 505 1305 547 secundo
1345 519 1451 548 anno
1484 507 1671 549 soluitur

138 602 192 608 —
237 577 297 619 ita
340 590 435 619 eum
481 576 667 631 grauitas
719 589 882 619 morum
929 580 970 618 et
1014 580 1158 618 custos
1202 577 1310 619 bona
1354 578 1444 619 uita
1487 578 1669 628 ornauit,

139 653 184 690 ut
216 648 318 690 satis
351 648 532 690 delectet
570 648 661 689 eius
699 647 850 689 habere
882 648 1140 690 memoriam.
1174 650 1263 689 erat
1294 650 1434 690 autem
1468 651 1669 690 strenuus

136 723 175 762 in
221 719 330 761 notis
363 723 405 761 et
442 719 483 760 in
525 719 744 761 scribendo
790 719 892 760 bene
936 719 1188 768 laboriosus,
1234 719 1454 761 studiosus
1499 732 1668 774 quoque

135 804 227 833 esse
283 796 475 844 coeperat
529 790 738 839 lectionis,
800 793 849 831 ut
903 791 993 843 ipse
1050 802 1185 831 meam
1241 790 1480 832 tarditatem
1538 803 1668 832 causa

134 861 298 916 legendi
338 861 553 902 nocturnis
593 861 705 902 horis
745 860 1049 903 exhortaretur:
1090 873 1183 901 nam
1223 861 1438 914 aliquanto
1477 866 1669 915 tempore

134 937 254 975 nocte
293 932 395 973 mihi
434 932 524 986 ipse
562 932 745 986 legebat,
786 945 882 973 cum
923 932 1061 973 omnia
1100 931 1335 983 siluissent,
1381 945 1456 973 nec
1494 933 1667 974 uolebat

134 1005 356 1058 praeterire
406 1004 645 1054 lectionem,
696 1003 777 1045 nisi
827 1003 1120 1053 intellexisset,
1172 1006 1214 1045 et
1257 1003 1381 1044 tertio
1430 1006 1472 1045 et
1515 1007 1667 1057 quarto

133 1076 350 1129 repetebat
382 1077 423 1116 et
455 1087 529 1116 nec
563 1074 817 1123 dimittebat,
857 1074 936 1116 nisi
970 1075 1050 1116 sibi
1084 1075 1363 1129 apparuisset,
1398 1075 1509 1128 quod
1542 1088 1666 1129 quae-

133 1147 263 1188 rebat.
304 1159 519 1200 coeperam
559 1159 656 1187 eum
695 1158 775 1187 non
816 1146 935 1199 quasi
973 1158 1149 1200 puerum
1190 1149 1230 1188 et
1267 1146 1475 1187 notarium
1514 1146 1670 1188 habere

135 1218 207 1259 sed
235 1218 414 1259 amicum
444 1217 648 1271 quendam
677 1216 780 1258 satis
808 1217 1089 1259 necessarium
1118 1221 1161 1258 et
1187 1230 1374 1260 suauem.
1402 1217 1671 1259 delectabant

134 1302 201 1330 me
234 1289 342 1330 enim
377 1293 418 1330 et
449 1289 616 1330 fabulae
648 1288 798 1342 ipsius.

194 1359 377 1414 Optabat
409 1373 590 1413 quoque,
627 1359 738 1413 quod
765 1359 802 1400 ei
829 1361 1077 1413 praestitum
1113 1362 1190 1409 est,
1225 1359 1444 1402 dissolui
1478 1362 1526 1401 et
1554 1373 1668 1401 esse

135 1443 240 1472 cuni
276 1430 487 1472 Christo.
527 1444 620 1471 nam
659 1431 896 1484 aegrotauit
928 1431 1111 1472 sedecim
1146 1431 1293 1472 diebus
1327 1431 1438 1484 apud
1471 1433 1666 1484 parentes

135 1514 234 1542 suos
286 1504 327 1542 et
375 1513 536 1542 memor
585 1501 651 1542 sui
705 1501 754 1542 de
806 1501 1024 1554 scripturis
1081 1514 1211 1554 paene
1262 1504 1352 1543 tota
1402 1501 1669 1556 aegritudine

132 1572 396 1626 loquebatur.
448 1571 521 1613 sed
570 1575 618 1613 ut
667 1572 718 1619 ad
762 1571 885 1613 finem
936 1572 1050 1613 uitae
1100 1572 1314 1626 proximus
1365 1585 1460 1614 esse
1511 1572 1665 1625 coepit,

75 1660 110 1686 20
133 1643 341 1696 psallebat
396 1643 665 1684 audientibus
723 1643 935 1685 omnibus:
1000 1643 1264 1685 Desiderat
1322 1647 1370 1685 et
1424 1645 1670 1697 properat

135 1714 294 1755 anima
343 1727 447 1755 mea
491 1714 548 1755 ad
592 1714 719 1755 atria
764 1714 840 1755 dei
888 1717 929 1755 et
972 1716 1070 1768 post
1114 1714 1191 1756 hoc
1237 1714 1389 1756 iterum
1435 1714 1664 1767 psallebat:

134 1785 454 1839 Inpinguasti
499 1785 545 1826 in
593 1787 700 1827 oleo
747 1790 896 1838 caput
947 1799 1103 1827 meum
1149 1790 1197 1827 et
1241 1785 1476 1839 poculum
1522 1788 1661 1826 tuuni

135 1855 386 1897 inebrians
426 1869 566 1910 quain
608 1856 917 1910 praeclarum
958 1858 1051 1898 est!
1091 1856 1150 1898 ibi
1189 1856 1271 1897 fuit
1305 1858 1552 1909 occupatus,
1585 1856 1664 1896 hac

135 1940 177 1968 se
205 1927 441 1968 oblectabat
468 1927 768 1970 consolatione.
803 1927 951 1969 deinde
979 1940 1072 1968 cum
1101 1927 1211 1969 solui
1238 1927 1464 1980 coepisset,
1499 1927 1663 1981 signare

95 2016 110 2039 5
136 2010 177 2038 se
212 1998 349 2052 coepit
381 1999 420 2039 in
454 1998 601 2047 fronte,
634 1998 694 2040 ita
726 2001 773 2040 ut
805 1999 865 2040 sic
897 1999 1168 2040 descenderet
1201 2011 1348 2039 manus
1376 1998 1427 2039 ad
1456 2011 1516 2040 os.
1551 1997 1663 2050 quod

135 2069 213 2110 sibi
264 2070 461 2122 cupiebat
510 2070 688 2123 signare,
741 2083 835 2111 cum
887 2071 969 2111 iam
1022 2070 1232 2111 interior
1283 2070 1424 2111 homo
1471 2072 1513 2110 et
1559 2069 1661 2109 bene

134 2145 359 2182 renouatus
399 2141 453 2182 de
493 2141 569 2182 die
610 2141 654 2181 in
697 2141 824 2182 diem
864 2141 1035 2183 domuin
1075 2142 1233 2182 luteam
1273 2140 1519 2182 dimisisset.
1559 2140 1662 2180 mihi

254 2280 295 2313 16
323 2279 415 2314 I'liil.
446 2281 475 2317 1.
504 2281 548 2314 ‘23
623 2281 668 2314 ’ΖΟ
695 2280 751 2316 Ρε.
780 2281 836 2317 83.
864 2280 884 2314 3
971 2281 1015 2313 22
1043 2280 1099 2314 Ps.
1127 2280 1184 2318 22.
1213 2283 1233 2315 Γ)
1315 2280 1359 2314 ’26
1387 2279 1422 2313 II
1449 2280 1527 2314 Cor.
1555 2280 1588 2315 4.
1620 2281 1661 2313 1⁴5

135 2339 177 2372 27
207 2339 267 2372 Iob
295 2339 328 2377 «1,
359 2340 401 2373 19

183 2409 195 2441 l
228 2411 260 2443 in
290 2422 356 2444 om.
384 2410 453 2445 VU
478 2410 556 2444 edd.
633 2421 668 2444 se
696 2417 915 2454 mergent-:111
944 2410 1042 2451 edd.;
1068 2413 1114 2454 cs.
1141 2410 1387 2455 multiplicans
1411 2421 1447 2454 p.
1472 2412 1560 2450 437,
1589 2411 1665 2451 22,-

134 2480 184 2513 ομ.
200 2470 388 2513 XCIIIp.
408 2471 495 2512 490,
510 2472 532 2502 6
594 2470 808 2504 scholastico
825 2470 1054 2514 proconsules
1077 2469 1413 2514 VUetpraeposito
1429 2469 1601 2502 asterisco
1619 2469 1631 2502 l
1649 2481 1667 2502 r

134 2527 369 2562 scholasticus
395 2528 624 2573 proconsules
650 2540 667 2562 s
741 2528 760 2561 2
790 2540 850 2573 per
875 2540 953 2562 inea
980 2529 1109 2562 meruit
1135 2529 1170 2562 P
1195 2539 1257 2573 per
1283 2540 1396 2562 ineam
1425 2528 1553 2561 meruit
1590 2527 1664 2561 VU

136 2587 212 2621 Iar
285 2588 305 2621 3
333 2588 408 2631 sed]
439 2592 473 2622 et
509 2588 580 2621 Vl}
605 2588 684 2624 edd.
759 2591 779 2621 ἵ»
808 2594 929 2622 custus
957 2588 991 2621 P
1063 2590 1083 2621 6
1110 2592 1251 2622 strenus
1277 2588 1313 2621 P
1378 2589 1398 2621 9
1426 2587 1495 2620 oris
1523 2592 1661 2620 exorta-

136 2651 231 2680 retur
256 2647 291 2680 P
341 2647 383 2680 10
411 2648 526 2681 noctis
563 2647 632 2682 VU
656 2648 736 2681 edd.
812 2648 878 2691 ipsi
906 2647 991 2681 inibi
1025 2647 1059 2682 U
1116 2649 1155 2681 1⁴
1183 2646 1388 2681 delectabat
1415 2646 1450 2679 1²
1500 2647 1541 2679 15»
1569 2646 1663 2679 enini

135 2715 188 2738 ine
216 2716 245 2738 m
347 2710 381 2738 et
408 2716 474 2739 om.
509 2705 579 2739 VU
603 2706 682 2739 edd.
762 2707 801 2739 1³·
829 2706 1018 2739 memoriae
1045 2707 1079 2753 ui
1108 2706 1151 2739 de
1177 2717 1208 2739 m
1296 2706 1336 2739 21
1367 2705 1454 2738 haec
1488 2703 1559 2738 VU
1582 2705 1662 2738 edd.

135 2763 179 2797 26
206 2774 280 2797 cuin
311 2776 375 2798 one.
405 2764 440 2797 P
513 2765 555 2798 27
584 2763 759 2801 diluisset.
788 2776 830 2798 m.
859 2769 876 2798 1
903 2775 992 2798 forr.
1022 2764 1218 2798 dimisisset
1246 2764 1280 2797 Ι)
