1952 3118
665 188 1017 233 epistularum
1059 188 1212 225 CXLIX.
1616 194 1698 235 361

179 319 330 373 pretati
359 322 470 367 sunt,
498 332 627 360 unum
654 319 829 360 uerbum
858 319 1082 361 transferre
1108 320 1348 362 uoluerunt.
1378 320 1490 374 quod
1518 320 1702 363 Graecus

179 390 316 438 habet,
352 388 550 436 ἐντεύξεις.
584 392 625 431 et
656 390 841 443 profecto
876 390 1061 432 aduertis
1095 394 1137 432 et
1168 391 1279 433 nosti
1313 391 1427 433 aliud
1454 405 1546 433 esse
1578 392 1703 433 inter-

179 461 346 514 pellare,
381 461 495 502 aliud
533 461 760 515 postulare.
801 474 881 502 non
922 462 1031 502 enim
1073 462 1258 504 solemus
1298 461 1434 504 dicere
1472 464 1705 517 ‘postulant

179 532 499 586 interpellaturi'
538 532 611 573 sed
650 532 935 585 ‘interpellant
966 533 1256 586 postulaturi';
1298 547 1443 575 uerum
1483 536 1622 575 tamen
1657 547 1703 576 ex

180 604 397 645 uicinitate
436 604 613 645 uerbum
653 606 917 658 usurpatum,
951 605 1017 646 cui
1057 605 1349 658 propinquitas
1383 605 1475 658 ipsa
1506 606 1707 659 impetrat

178 674 455 723 intellectum,
487 687 566 715 non
601 676 666 715 est
698 675 817 715 uelut
849 674 1037 716 censoria
1069 674 1281 716 notatione
1310 675 1575 727 culpandum.
1609 687 1703 716 nam

181 750 222 786 et
267 745 314 786 de
359 745 450 799 ipso
497 745 665 786 domino
710 745 806 786 Iesu
848 744 1014 787 Christo
1060 746 1219 787 dictum
1267 748 1344 788 est.
1391 746 1502 799 quod
1547 746 1704 787 inter-

180 816 352 870 pellet
383 828 474 869 pro
508 816 677 857 nobis.
711 817 1013 869 numquidnam
1048 817 1376 871 interpellat
1403 820 1444 858 et
1469 829 1548 858 non
1578 817 1703 858 etiarn

180 888 395 941 postulat?
422 887 551 928 immo
578 900 693 929 nero.
722 888 819 940 quia
839 887 1041 941 postulat.
1063 901 1135 941 pro
1158 900 1203 928 eo
1225 887 1412 941 positum
1441 890 1505 929 est
1531 888 1705 929 ‘inter-

181 958 381 1012 pellat’.
417 958 636 1000 euidenter
669 959 822 1012 quippe
857 959 955 1000 alibi
991 959 1039 1000 de
1072 959 1145 1000 illo
1180 959 1353 1000 dicitur:
1395 960 1457 1000 Et
1497 959 1540 1000 si
1581 959 1704 1012 quis

181 1030 510 1082 peccauerit.
546 1029 868 1071 aduocatum
901 1030 1157 1071 habemus
1192 1030 1252 1071 ad
1286 1033 1492 1084 patrem
1523 1031 1703 1072 Iesum

183 1099 457 1141 Christum
491 1100 718 1149 iustum:
766 1100 883 1154 ipse
924 1103 1006 1142 est
1046 1101 1287 1143 exoratio
1326 1114 1420 1156 pro
1454 1102 1704 1155 peccatis

181 1171 402 1212 nostris.
450 1184 706 1225 quamquam
737 1172 932 1214 fortassis
967 1172 1133 1214 codices
1167 1172 1278 1226 apud
1311 1185 1387 1214 uos
1421 1172 1548 1213 etiam
1580 1172 1621 1213 in
1656 1184 1704 1213 eo

181 1242 273 1284 loco
318 1243 368 1283 de
414 1242 582 1284 domino
616 1243 713 1284 Iesu
752 1256 832 1285 non
871 1243 1027 1285 habent
1061 1244 1315 1298 ‘interpellat
1351 1257 1426 1297 pro
1465 1244 1601 1285 nobis'
1633 1242 1706 1285 sed

182 1314 385 1367 ‘postulat
416 1326 489 1368 pro
523 1314 676 1362 nobis';
724 1315 764 1356 in
801 1315 960 1357 Graeco
995 1315 1118 1365 enim,
1155 1328 1236 1369 quo
1275 1315 1404 1357 uerbo
1438 1315 1506 1357 liic
1544 1314 1707 1369 positae

183 1387 282 1426 sunt
312 1385 683 1438 interpellationes,
718 1399 821 1439 quas
860 1387 951 1440 ipse
990 1387 1172 1440 posuisti
1211 1387 1532 1439 postulationes,
1564 1386 1707 1438 ipsum

183 1458 224 1498 et
260 1456 349 1498 illic
389 1457 567 1498 uerbum
608 1462 684 1508 est,
732 1458 804 1499 ubi
850 1458 1053 1511 scripturn
1101 1460 1183 1500 est:
1230 1457 1570 1512 Interpellat
1612 1469 1704 1511 pro

183 1528 352 1570 nobis

243 1598 349 1641 Cum
382 1599 527 1654 igitur,
561 1603 603 1642 et
636 1601 707 1655 qui
740 1603 934 1655 precatur
978 1604 1019 1643 et
1065 1601 1136 1655 qui
1177 1607 1280 1651 orat,
1321 1603 1517 1655 precetur
1549 1601 1603 1649 et,
1637 1598 1709 1653 qui

184 1670 425 1724 interpellat
475 1670 614 1720 deum,
668 1671 717 1712 ad
768 1671 847 1713 hoc
897 1672 1150 1726 interpellet,
1197 1675 1245 1713 ut
1296 1675 1384 1714 oret
1422 1673 1464 1712 et
1502 1671 1708 1724 precetur,

184 1740 283 1793 quid
328 1741 408 1783 sibi
452 1743 560 1791 uult,
609 1743 720 1796 quod
766 1743 849 1785 ista
892 1744 952 1785 ita
995 1744 1141 1798 posuit
1179 1744 1413 1796 apostolus5
1453 1744 1502 1784 ut
1540 1755 1619 1783 non
1654 1740 1712 1782 sit

304 1927 322 1960 7
350 1927 449 1961 Rom.
478 1927 509 1967 8,
538 1927 582 1961 34
658 1927 700 1961 10
727 1927 743 1961 1
769 1926 847 1963 Ioh.
874 1928 907 1967 2,
938 1928 1028 1961 1-2

231 2051 252 2084 2
281 2051 542 2087 ΗΗΘΗΧΙΧΙΕ
569 2051 612 2086 Κ
636 2052 797 2086 enteuxis
823 2052 1020 2087 HMAPG
1047 2052 1235 2087 enteunxis
1269 2052 1303 2086 V
1433 2050 1583 2085 adfertis
1610 2052 1646 2084 et
1672 2050 1714 2084 H

186 2111 400 2145 aduertisset
426 2113 461 2146 A
487 2111 657 2146 aduertis,
687 2112 756 2146 Sed
783 2112 826 2145 M
901 2113 1151 2157 interpellares
1178 2115 1207 2156 (s
1234 2123 1277 2146 m.
1306 2114 1331 2146 2
1357 2111 1440 2154 del.)
1466 2110 1510 2145 K
1554 2113 1575 2144 4
1602 2111 1710 2144 inter-

187 2169 352 2213 pellatori
378 2170 421 2204 K
443 2170 707 2216 interpellaturi
734 2173 787 2215 (tu
812 2183 857 2205 m.
886 2174 911 2206 2
937 2171 1020 2214 del.)
1050 2171 1082 2206 G
1108 2171 1328 2216 interpellari
1362 2172 1391 2204 A
1513 2169 1575 2203 sed
1601 2169 1711 2203 inter-

187 2228 324 2272 pellant
345 2230 561 2274 postulaturi
581 2242 646 2265 om.
663 2231 698 2264 P
762 2231 997 2276 interpellant
1015 2242 1059 2265 ex
1079 2231 1310 2276 interpellent
1331 2234 1396 2264 aut
1416 2233 1546 2264 contra
1564 2240 1609 2263 m.
1631 2231 1649 2262 1
1668 2228 1715 2262 M

234 2288 449 2333 postulatori
475 2289 518 2323 K
540 2290 716 2334 postulari
743 2289 816 2324 AG
915 2292 935 2323 5
961 2291 1158 2335 impetrant
1184 2290 1227 2324 H
1249 2290 1403 2335 imperat
1435 2288 1467 2322 V
1490 2290 1550 2332 (m.
1579 2291 1596 2321 1
1622 2298 1711 2321 corr.

188 2347 370 2392 impetrat)
400 2348 439 2382 K
547 2349 568 2382 6
596 2350 781 2383 censoaria
806 2350 994 2384 notatione
1020 2350 1142 2384 HMA
1170 2350 1331 2384 censoria
1348 2350 1350 2394 i
1369 2349 1491 2382 otione
1517 2347 1553 2381 P
1576 2346 1714 2381 censori

189 2417 232 2440 an
260 2408 431 2446 oratione,
458 2419 503 2442 m.
531 2411 556 2443 2
582 2410 742 2443 censoria
769 2410 932 2443 oratione
962 2409 994 2444 G
1051 2410 1069 2443 7
1096 2409 1306 2453 interpellat
1332 2408 1402 2443 PG
1429 2407 1508 2442 edd.
1564 2408 1584 2440 8
1612 2416 1713 2440 num-

190 2465 346 2509 quidnon
377 2466 409 2501 G
468 2467 510 2501 10
539 2479 579 2502 eo
607 2468 685 2502 edd.
745 2469 784 2503 11
815 2468 910 2513 apud
938 2469 1029 2502 lrm
1053 2479 1119 2503 sec.
1154 2468 1259 2513 Vuly.
1324 2467 1367 2502 12
1394 2468 1525 2501 iustum
1554 2476 1620 2500 om.
1640 2464 1714 2498 PG

236 2526 326 2571 ipse]
356 2532 391 2560 et
418 2528 494 2571 ipse
527 2527 560 2561 V
583 2528 674 2562 lrm
699 2538 764 2562 sec.
791 2538 885 2563 sacr.
915 2527 982 2562 liet.
1058 2528 1127 2572 est]
1157 2530 1212 2561 est
1237 2530 1274 2561 et
1299 2528 1351 2570 (et
1375 2535 1469 2569 exp.)
1504 2524 1536 2558 V
1608 2525 1649 2558 13
1677 2524 1712 2557 in

189 2595 217 2619 s.
243 2596 278 2619 u.
305 2596 350 2620 m.
377 2589 395 2620 1
428 2586 460 2619 V
580 2587 623 2621 14
648 2587 730 2621 Iesu
758 2587 900 2622 Christo
928 2586 1007 2622 edd.
1135 2586 1266 2627 habet*
1283 2597 1328 2620 m.
1355 2589 1373 2619 1
1399 2595 1490 2620 corr.
1516 2583 1652 2617 habent
1681 2582 1714 2617 G

194 2667 236 2701 15
261 2653 323 2713 'qui
349 2670 407 2711 (m.
437 2670 462 2703 2
487 2671 572 2714 quo)
605 2654 714 2704 uerbo
744 2669 777 2704 G
925 2670 967 2704 17
1001 2669 1165 2715 inpellat.
1197 2681 1242 2704 m.
1270 2673 1288 2703 1
1319 2679 1409 2703 corr.
1442 2666 1652 2712 interpellat
1686 2664 1718 2697 V

195 2728 235 2761 19
262 2733 427 2772 precatur
453 2733 529 2762 oret
556 2733 591 2763 et
611 2729 672 2774 qui
692 2734 771 2763 orat
797 2729 830 2762 V
852 2729 931 2765 edd.
956 2719 1102 2773 praeter
1128 2739 1183 2763 ae
1257 2730 1348 2772 orat]
1378 2729 1502 2772 operat
1520 2726 1555 2760 A
1605 2726 1650 2759 20
1671 2724 1715 2758 ad

192 2786 259 2820 hoc
291 2787 497 2832 interpellet
532 2791 589 2830 (m.
626 2791 651 2822 „⁴2
682 2789 906 2834 interpellat>
943 2789 976 2823 G
1050 2789 1091 2823 21
1129 2788 1228 2833 quid]
1257 2788 1350 2832 quia,
1377 2799 1420 2821 m.
1449 2788 1474 2820 2
1500 2786 1585 2831 quid
1611 2785 1647 2819 P
