1952 3118
114 986 146 1011 10

113 1340 146 1365 15

114 1695 148 1720 20

63 2032 147 2077 82⁶

658 203 1010 249 epistularum
1053 202 1226 238 CXLVII.
1620 207 1702 249 281

176 334 471 387 intellegamus
517 332 639 384 dicta,
684 344 789 386 quae
828 335 1000 387 ,praesto
1053 336 1153 374 sunt
1204 334 1397 376 sensibus
1443 334 1534 377 siue
1579 335 1706 376 animi

176 404 265 446 siue
287 404 486 457 corporis,
507 403 616 446 unde
637 402 764 445 etiarn
786 403 912 445 ducto
935 404 1142 445 uocabulo
1169 405 1405 457 praesentia
1425 405 1705 447 nominantur.

175 475 236 517 sic
268 475 378 516 enim
412 475 516 516 hanc
548 474 686 516 lucem
720 474 903 527 corporis
939 487 1078 523 sensu,
1107 475 1166 516 sic
1201 477 1242 516 et
1274 488 1410 517 meam
1443 477 1706 519 uoluntatem

175 547 295 600 plane
328 545 465 596 uideo,
501 545 599 599 quia
629 548 796 599 praesto
830 549 895 587 est
926 545 1054 587 animi
1086 546 1166 586 mei
1202 546 1395 588 sensibus
1429 551 1554 601 atque
1591 548 1705 590 intus

174 617 277 659 mihi
309 630 505 671 praesens
540 618 616 659 est.
649 616 685 658 si
712 616 806 670 quis
839 629 938 658 uero
966 616 1070 657 mihi
1097 617 1255 658 indicet
1279 618 1544 659 uoluntatem
1571 631 1705 668 suam,

174 688 295 730 cuius
323 701 368 730 os
396 691 438 730 et
472 701 549 730 uox
581 687 686 729 mihi
718 700 916 741 praesens
951 690 1029 738 est,
1058 691 1210 740 tamen,
1237 688 1336 741 quia
1367 688 1460 742 ipsa
1492 689 1704 739 uoluntas,

174 772 299 813 quam
331 759 434 800 mihi
466 758 637 807 indicat,
664 759 771 800 latet
802 771 973 800 sensum
1008 758 1193 812 corporis
1220 761 1262 800 et
1287 759 1414 801 animi
1441 760 1538 809 mei,
1567 760 1704 810 cred0‚

174 842 252 872 non
286 830 408 872 uideo
442 833 527 877 aut,
562 830 598 871 si
631 843 726 871 eum
760 829 926 871 mentiri
960 830 1166 879 existimo,
1201 843 1280 872 non
1314 830 1448 881 credo,
1475 830 1555 872 etsi
1587 832 1706 881 forte,

173 902 221 942 ut
252 900 368 950 dicit,
402 900 461 942 ita
494 900 563 942 sit.
598 900 825 942 creduntur
864 913 961 955 ergo
1000 900 1086 951 illa,
1122 913 1227 954 quae
1269 901 1423 943 absunt
1455 914 1478 943 a
1510 901 1705 944 sensibus

173 971 342 1022 nostris,
370 971 404 1014 si
438 971 608 1013 uidetur
639 971 852 1022 idoneum,
882 971 993 1025 quod
1027 971 1086 1013 eis
1120 971 1412 1014 testimonium
1438 972 1704 1026 perhibetur;

174 1042 370 1084 uidentur
402 1045 558 1091 autem,
591 1055 696 1096 quae
730 1045 896 1097 praesto
931 1045 1043 1093 sunt,
1076 1043 1186 1085 unde
1221 1045 1262 1084 et
1299 1044 1536 1098 praesentia
1574 1044 1706 1085 nomi-

173 1117 333 1163 nantur,
362 1113 431 1155 uel
464 1113 591 1155 animi
618 1113 687 1155 uel
715 1114 900 1168 corporis
928 1113 1137 1156 sensibus.
1165 1126 1260 1155 nam
1288 1127 1383 1156 cum
1412 1115 1498 1157 sint
1522 1114 1706 1168 quinque

172 1184 357 1239 corporis
379 1197 542 1234 senSUS‚
558 1184 766 1234 cernendi,
782 1184 990 1237 audiendi,
1014 1184 1248 1233 olfaciendi,
1264 1185 1477 1239 gustandi,
1492 1185 1705 1241 tangendi,

172 1256 290 1296 uisus
330 1255 498 1308 quidem
537 1255 578 1296 in
617 1256 677 1297 eis
716 1255 939 1309 praecipue
979 1255 1114 1298 oculis
1161 1255 1400 1298 adtributus
1440 1257 1519 1306 est,
1558 1269 1705 1298 uerum

172 1330 310 1368 tamen
350 1326 428 1367 hoc
466 1326 594 1368 uerbo
635 1327 795 1368 utimur
833 1331 874 1368 et
911 1327 951 1368 in
993 1328 1156 1369 ceteris.
1203 1340 1337 1381 neque
1383 1328 1492 1369 enim
1538 1329 1703 1370 tantum

172 1397 368 1438 dicimus:
414 1396 547 1440 ‘Vide
587 1397 687 1451 quid
725 1398 895 1446 luceat',
936 1398 1010 1440 sed
1049 1398 1195 1439 etiam:
1241 1398 1376 1448 ‘Vide‚
1417 1398 1517 1452 quid
1550 1402 1705 1445 sonet';

172 1467 304 1519 ‘Vide,
339 1467 440 1522 quid
473 1468 615 1517 oleat';
645 1468 778 1518 ‘Vide‚
807 1468 908 1522 quid
936 1469 1106 1523 sapiat';
1135 1469 1269 1517 ‘Vide,
1299 1469 1398 1522 quid
1426 1469 1590 1513 caleat'.
1617 1482 1706 1517 nec,

173 1540 270 1593 quia
307 1539 390 1580 dixi
429 1552 476 1580 ea
514 1539 639 1589 credi,
675 1552 781 1592 quae
820 1540 975 1581 absunt
1008 1553 1030 1582 a
1063 1540 1257 1582 sensibus
1301 1540 1470 1582 nostris.
1506 1541 1566 1582 sic
1599 1540 1706 1582 acci-

172 1611 323 1665 piatur,
354 1613 399 1652 ut
424 1610 532 1651 inter
556 1610 630 1651 illa
656 1610 922 1664 deputentur,
951 1623 1057 1664 quae
1091 1611 1315 1665 aliquando
1349 1611 1535 1653 uidimus
1564 1614 1606 1653 et
1632 1624 1707 1654 nos

176 1681 332 1724 uidisse
365 1682 594 1724 retinemus
627 1682 813 1736 certique
853 1695 1015 1731 sumus,
1050 1683 1245 1736 quamuis
1283 1685 1385 1724 tunc
1421 1696 1500 1725 non
1539 1689 1706 1737 praesto

174 1753 271 1803 sint,
312 1765 407 1794 cum
444 1753 690 1794 recoluntur
722 1766 744 1794 a
776 1753 916 1802 nobis3
950 1765 1085 1807 neque
1124 1754 1235 1795 enim
1280 1753 1388 1795 inter
1431 1754 1590 1796 credita
1634 1753 1707 1795 sed

174 1823 280 1864 inter
298 1823 392 1865 uisa
413 1822 668 1876 deputantur
689 1826 731 1865 et
750 1823 843 1865 ideo
866 1826 964 1865 nota
986 1826 1098 1874 sunt,
1113 1837 1192 1866 non
1214 1823 1314 1878 quia
1333 1823 1457 1865 fidem
1480 1824 1706 1865 habuimus

174 1893 266 1935 aliis
299 1893 496 1943 testibus,
530 1894 603 1936 sed
636 1894 735 1948 quia
766 1907 841 1937 nos
874 1894 1034 1936 uidisse
1068 1894 1158 1936 sine
1198 1894 1325 1937 dubio
1364 1894 1633 1937 recordamur
1665 1898 1707 1936 et

175 1965 347 2006 scimus.

233 2035 407 2078 Constat
439 2036 569 2091 igitur
600 2039 743 2078 nostra
776 2036 952 2078 scientia
978 2050 1025 2078 ex
1051 2037 1157 2079 uisis
1191 2037 1316 2079 rebus
1345 2039 1385 2079 et
1412 2037 1596 2079 creditis.
1631 2036 1705 2078 sed

173 2106 212 2147 in
247 2107 326 2148 his.
360 2120 464 2160 quae
497 2107 683 2149 uidimus
717 2107 784 2149 uel
818 2107 1028 2156 uidemus,
1063 2121 1137 2150 nos
1175 2108 1258 2162 ipsi
1298 2111 1429 2150 testes
1468 2121 1632 2157 sumus,
1665 2107 1705 2149 in

174 2176 239 2219 his
272 2180 427 2225 autem,
462 2191 566 2232 quae
600 2178 824 2229 credimus,
858 2178 952 2220 aliis
993 2179 1175 2221 testibus
1215 2192 1437 2221 mouemur
1476 2179 1527 2221 ad
1565 2178 1705 2229 fidem,

224 2328 245 2362 3
270 2329 331 2367 sic,
359 2340 402 2362 m.
430 2331 455 2362 :2
481 2329 530 2363 sic
557 2329 592 2363 P
616 2329 665 2363 sic
692 2328 726 2363 L
836 2340 960 2364 seusus
986 2329 1099 2364 HFA
1197 2330 1220 2364 4
1244 2329 1315 2365 mei
1343 2341 1411 2365 om.
1437 2342 1471 2364 m
1570 2331 1590 2363 5
1617 2329 1705 2364 mihi

177 2398 260 2421 uero
292 2387 445 2422 TT¹OL
560 2389 581 2422 6
608 2388 687 2432 ipsa
712 2398 778 2423 om.
807 2387 841 2422 L
958 2389 977 2422 7
1004 2399 1111 2423 sensu
1143 2387 1295 2423 TT¹OL
1407 2389 1428 2424 8
1456 2400 1536 2423 euni
1564 2400 1636 2422 ras.
1664 2398 1708 2422 ex

176 2446 268 2480 enim
294 2447 338 2481 ΙΙ
430 2447 542 2482 menti
572 2446 602 2482 0
687 2448 708 2482 9
735 2458 755 2482 a
781 2458 847 2482 om.
879 2447 909 2481 O
997 2448 1039 2482 10
1065 2446 1206 2482 *idetur
1232 2447 1280 2482 M
1374 2449 1406 2482 ei
1433 2449 1467 2482 A
1551 2448 1590 2482 11
1620 2447 1704 2481 inde

180 2504 332 2540 TT¹0L
409 2507 450 2541 12
477 2507 615 2551 corpori
647 2506 691 2541 T¹
790 2509 875 2540 sunt
900 2506 935 2541 L
1012 2507 1054 2541 13
1082 2517 1243 2541 sens-aus
1271 2507 1322 2546 (ib
1350 2510 1457 2550 eras.)
1489 2507 1555 2541 ΟΡ
1625 2508 1706 2540 tan-

176 2563 282 2608 gendi
308 2575 376 2599 om.
402 2566 436 2600 A
538 2566 579 2599 14
606 2576 712 2600 ueru*
737 2566 775 2610 (n
801 2576 913 2608 eras.;
940 2577 982 2599 m.
1010 2568 1036 2600 2
1061 2567 1181 2611 uerus)
1212 2565 1247 2600 Ο
1350 2567 1392 2601 Ιῦ
1419 2567 1549 2611 neque]
1574 2576 1645 2599 non
1672 2564 1707 2598 L

177 2623 255 2657 edd.
381 2624 422 2658 18
450 2624 670 2669 »accipiatur
693 2625 733 2660 F
755 2625 978 2670 accipiantur
1003 2624 1039 2658 P
1159 2626 1202 2660 19
1228 2626 1324 2660 inter
1350 2624 1426 2669 illa}
1454 2623 1648 2659 interualla
1677 2622 1710 2657 T

177 2682 223 2717 20
245 2674 283 2718 tc
311 2686 344 2723 (c
371 2695 413 2718 ex
438 2695 528 2718 corr.
555 2696 600 2719 m.
628 2687 666 2721 2)
693 2684 728 2719 P
847 2685 890 2719 21
920 2685 994 2719 sint
1019 2686 1044 2728 (i
1071 2673 1166 2727 'ra-sq
1193 2696 1236 2720 ex
1262 2696 1283 2719 u
1311 2684 1343 2726 ?)
1370 2684 1410 2719 H
1509 2695 1529 2718 a
1554 2683 1706 2718 nobis—

179 2741 397 2787 deputantur
422 2754 502 2786 om,
528 2755 572 2780 m.
599 2745 625 2778 2
649 2745 690 2778 in
717 2755 827 2788 mary.
857 2743 943 2780 add.
971 2743 1004 2778 L
1125 2745 1170 2779 26
1196 2745 1266 2779 hiis
1295 2744 1328 2778 L
1354 2744 1398 2778 iis
1418 2743 1550 2787 slrm
1648 2742 1707 2777 uel

181 2800 339 2835 uidemus
366 2813 432 2836 om.
460 2804 494 2836 A
522 2802 579 2836 uel
606 2802 761 2836 uidimus
789 2806 847 2842 (m.
876 2806 894 2836 1
920 2813 1010 2837 corr.
1039 2802 1217 2845 uidemus)
1243 2803 1281 2837 F
