1952 3118
677 130 1030 175 epistularum
1071 130 1224 166 CXLIX.
1620 136 1704 176 379

178 259 279 299 dura
308 258 580 300 tribulatione
612 259 800 312 positum
834 261 989 302 ferrum
1022 260 1127 302 mihi
1154 260 1346 305 uidetur:
1382 264 1523 314 aperte
1552 263 1705 317 quippe

179 329 348 370 dicitur:
375 328 577 370 Ferrum
609 331 908 383 pertransiit
934 331 1145 372 animam
1175 331 1297 382 eius,
1326 332 1480 374 donec
1509 333 1705 374 ueniret

178 400 380 441 uerbum
414 400 535 449 eius,
570 400 611 442 id
645 403 710 442 est
735 403 820 442 tam
850 401 920 443 diu
948 402 1030 443 fuit
1056 402 1096 443 in
1124 402 1226 443 dura
1253 402 1541 454 tribulatione,
1577 404 1705 445 donec

177 471 305 520 fieret,
339 472 451 525 quod
483 472 701 526 praedixit.
736 473 830 514 hinc
866 473 976 515 enim
1019 486 1199 528 magnus
1246 476 1312 516 est
1356 475 1528 516 habitus
1576 479 1616 516 et
1656 475 1705 516 ab

135 558 145 563 ·
177 543 250 583 illa
280 542 551 586 tribulatione
584 544 801 585 liberatus.
849 544 922 586 sed
962 558 1011 586 ne
1045 545 1252 587 humanae
1298 546 1529 598 sapientiae
1575 546 1705 587 tribu-

177 616 325 656 eretur.
373 614 484 667 quod
529 615 644 656 uenit
691 616 866 657 uerbum
913 616 1018 665 eius,
1062 615 1104 656 id
1153 619 1218 657 est
1263 617 1422 658 factum
1470 619 1548 667 est,
1595 617 1707 670 quod

176 685 392 739 praedixit.
427 699 541 727 more
575 700 651 728 suo
685 687 894 740 scriptura
927 689 1073 728 sancta
1106 687 1182 729 deo
1216 687 1312 729 inde
1346 687 1417 728 dat
1451 688 1626 742 gloriam
1662 694 1701 729 et

177 756 373 798 continuo
407 757 646 811 subiungit:
680 758 948 811 Eloquium
983 757 1169 800 domini
1202 758 1392 812 igniuit
1425 771 1546 799 eum.

238 828 292 869 Ut
323 828 457 880 potui,
490 841 569 869 uon
604 828 719 870 defui
757 828 1158 884 interrogationibus
1204 829 1290 870 tuis
1337 829 1509 870 adiutus
1557 830 1706 871 oratio-

175 897 298 939 nibus
338 898 424 939 tuis
465 902 506 940 et
549 899 668 952 ipsis,
705 912 808 952 quas
844 900 1014 950 misisti,
1050 900 1413 954 disputationibus
1458 901 1558 943 tuis.
1610 914 1704 942 cum

174 969 283 1010 enim
316 969 610 1024 interrogando
645 970 851 1023 disputas,
886 973 927 1012 et
961 971 1125 1024 quaeris
1160 971 1310 1013 acriter
1343 973 1385 1012 et
1417 971 1542 1013 doces
1570 971 1705 1012 humi-

174 1040 281 1082 liter.
315 1041 418 1082 utile
452 1044 518 1082 est
550 1043 705 1091 autem,
740 1044 788 1083 ut
820 1042 870 1083 ‹le
898 1042 1231 1084 obscuritatibus
1260 1042 1499 1083 diuinarum
1528 1042 1705 1096 scriptu-

175 1125 326 1162 rarum,
372 1125 474 1165 quas
522 1112 834 1155 exercitationis
880 1116 1047 1156 nostrae
1093 1126 1220 1155 causa
1265 1114 1368 1156 deus
1415 1126 1508 1155 esse
1554 1114 1704 1162 uoluit,

176 1184 333 1225 multae
364 1184 634 1226 inueniantur
666 1185 913 1234 sententiae,
954 1198 1049 1226 cum
1096 1185 1213 1226 aliud
1259 1185 1330 1226 alii
1375 1185 1560 1235 uidetur,
1601 1198 1705 1238 quae

136 1272 145 1284 ›·
175 1256 313 1296 tamen
348 1267 491 1296 omnes
527 1268 651 1297 sanae
683 1255 781 1297 fidei
815 1255 1113 1309 doctrinaeque
1148 1256 1414 1298 concordent.
1453 1256 1572 1297 dabis
1607 1269 1705 1297 sane

175 1326 339 1367 ueniam
367 1326 464 1368 stilo
493 1340 585 1368 meo
613 1327 795 1369 multum
823 1327 1058 1377 festinanti,
1080 1330 1128 1368 ut
1160 1328 1243 1368 iam
1276 1327 1316 1368 in
1344 1328 1442 1368 naui
1470 1327 1704 1369 constituto

175 1409 435 1439 occurrerem
456 1398 666 1451 perlatori.
698 1398 834 1439 filium
856 1401 998 1439 autem
1020 1401 1211 1440 nostrum
1234 1398 1457 1439 Paulinum
1485 1399 1524 1439 iu
1548 1398 1702 1440 Christi

174 1468 346 1510 caritate
380 1468 675 1511 dulcissimum
708 1470 748 1510 in
782 1469 858 1511 hac
887 1470 1030 1523 potius
1065 1469 1248 1523 epistula
1274 1469 1461 1511 resaluto
1490 1472 1531 1510 et
1558 1469 1703 1523 paucis

172 1542 219 1581 ut
250 1540 431 1581 festinus
466 1541 672 1589 exhortor,
706 1543 754 1582 ut
786 1540 1099 1582 misericordiae
1127 1540 1299 1590 domini,
1327 1541 1399 1594 qui
1433 1540 1569 1582 sciens
1605 1541 1700 1581 dare

173 1611 373 1652 auxilium
406 1611 455 1652 de
488 1611 761 1653 tribulatione
789 1625 885 1653 eum
911 1611 1280 1653 turbulentissima
1306 1614 1560 1665 tempestate
1587 1611 1703 1653 misit

172 1683 212 1723 in
245 1686 428 1736 portum,
457 1696 537 1736 quo
572 1686 618 1723 tu
645 1683 793 1736 pelago
828 1682 1121 1736 tranquilliore
1148 1683 1376 1735 permeasti
1408 1682 1491 1736 ipsi
1517 1683 1701 1723 marinae

172 1754 469 1807 tranquillitati
490 1754 661 1795 minime
683 1753 869 1804 credens,
893 1756 935 1795 et
955 1754 1026 1807 qui
1049 1753 1140 1795 eius
1168 1753 1419 1795 rudimentis
1448 1753 1702 1806 excipiendis

173 1826 298 1877 atque
337 1824 571 1866 nutriendis
617 1826 658 1866 te
701 1824 830 1874 dedit,
877 1825 1035 1879 gratias
1081 1827 1191 1879 agat,
1238 1827 1415 1877 quantas
1462 1827 1617 1878 potest,
1664 1832 1705 1866 et

292 1976 329 2016 2;
358 1976 378 2009 8
406 1976 464 2010 Ps.
493 1976 572 2018 104,
603 1975 740 2009 18—19

223 2059 238 2092 1
279 2058 366 2092 mihi
405 2058 549 2092 uidetur
586 2059 717 2092 ferrum
757 2058 914 2103 positum
950 2058 982 2092 (τ’
1015 2058 1172 2103 positum
1204 2058 1293 2091 mihi
1325 2057 1458 2092 ferrum
1492 2058 1636 2092 uidetur
1675 2058 1706 2090 Γ

221 2118 351 2152 ferrum
379 2128 446 2153 om.
473 2129 507 2151 m
606 2118 753 2162 quippe]
784 2117 928 2161 quidem
954 2117 1120 2162 Euyz'ppi
1147 2117 1223 2151 cod.
1258 2117 1342 2151 Vat.
1423 2118 1443 2151 2
1472 2120 1706 2162 pertranseat.

175 2188 218 2211 m.
243 2179 263 2210 1
291 2175 338 2219 (Ρ)
367 2187 457 2211 corr.
485 2176 696 2221 pertransiit
721 2176 763 2210 Η
896 2176 1013 2210 anima
1042 2176 1083 2209 H
1215 2175 1615 2210 donec—tribulatione
1642 2175 1706 2211 bis.

177 2235 330 2270 alterum
357 2247 449 2270 eras.
477 2235 519 2269 K
578 2237 598 2270 3
627 2235 704 2270 dira
730 2236 897 2280 Euyippz'
922 2235 999 2271 cod.
1033 2235 1116 2269 Vat.
1178 2236 1200 2269 4
1228 2238 1283 2269 est
1309 2246 1376 2270 om.
1402 2235 1498 2280 Euy.
1562 2236 1579 2269 Τ
1608 2247 1706 2277 gram

177 2304 233 2328 (τ-
260 2295 427 2339 gratiam)
460 2295 491 2329 G
591 2298 611 2328 8
639 2294 850 2339 subiunxgit
878 2297 911 2336 (x
938 2296 1030 2338 eaep.)
1064 2293 1096 2327 V
1191 2294 1212 2327 9
1240 2293 1356 2328 defuit
1382 2296 1411 2336 (t
1439 2305 1481 2328 m.
1511 2297 1536 2327 ,¹2
1561 2294 1642 2337 del.)
1669 2294 1709 2327 Ι(

223 2353 366 2388 adiutus
394 2354 618 2388 orationibus
644 2354 716 2388 tuis
744 2364 811 2388 οηι.
839 2355 874 2387 Α
975 2354 1013 2387 11
1045 2353 1137 2387 euim
1165 2364 1231 2387 om.
1260 2354 1294 2386 A
1396 2352 1438 2386 12
1466 2355 1509 2387 de
1538 2353 1707 2387 utilitati-

176 2412 241 2448 bus
266 2414 301 2447 A
353 2414 394 2448 13
422 2414 647 2448 excitationis
669 2415 702 2447 A
730 2413 1015 2454 exercitationem
1035 2425 1079 2447 m.
1101 2415 1119 2446 1
1138 2423 1254 2457 supra
1275 2413 1360 2448 add.
1381 2413 1651 2447 exercitationis
1680 2413 1711 2445 1⁷

180 2497 220 2530 14
247 2497 308 2531 alii
334 2508 401 2533 om.
430 2497 472 2531 H
568 2510 624 2541 «μ’
646 2509 689 2531 m.
718 2500 743 2531 2
769 2474 833 2542 qzld
845 2496 884 2530 ΙῙ
1009 2498 1051 2531 15
1079 2495 1298 2530 concordant
1324 2495 1366 2530 H
1483 2497 1525 2529 16
1553 2496 1703 2530 multum

178 2555 242 2595 bis,
275 2556 428 2590 alterum
460 2567 537 2601 emp.
580 2557 611 2590 V
758 2557 804 2591 20
837 2567 928 2598 cum,
962 2567 1004 2589 m.
1033 2558 1058 2589 2
1091 2567 1170 2589 cum
1206 2555 1247 2589 de
1274 2555 1310 2589 P
1340 2566 1429 2590 cum.
1466 2567 1508 2588 m.
1543 2558 1562 2588 1
1593 2566 1705 2599 supra

180 2614 265 2649 add.
291 2626 370 2649 eum
401 2616 433 2649 (τ’
603 2615 905 2650 tribulantissima
933 2615 960 2647 A
1120 2615 1163 2648 22
1192 2614 1462 2658 tranquillitati.
1485 2618 1599 2657 posti:
1628 2615 1639 2648 i
1666 2625 1708 2648 cx

181 2683 251 2710 ras.
277 2674 417 2717 (fuitne
443 2686 460 2708 e
488 2675 521 2717 ,9)
550 2675 597 2709 Μ
620 2674 887 2719 tranquillitate
910 2673 947 2707 ΙΙ
1047 2672 1265 2725 exeipiendis
1293 2684 1335 2707 ex
1360 2673 1604 2716 ‹·0r1·.,sui.s·se
1632 2673 1706 2707 nid.

180 2732 388 2778 excipientis
414 2733 455 2767 K
