1952 3118
77 1010 110 1036 10

75 1366 109 1392 15

73 1721 107 1746 20

572 228 923 273 epistularum
963 228 1063 264 CLX.
1104 228 1224 264 CLXI.
1579 234 1661 275 507

826 359 966 401 CLXI.

134 452 328 488 DOMINO
364 452 550 488 SANCTO
584 452 1071 496 VENERABILITFJRQUE
1110 453 1450 489 DILECTISSIMO
1489 454 1663 488 FRATRI

134 512 192 546 ET
231 511 604 547 CONSACERDOTI
646 511 927 547 AUGUSTINO
971 512 1029 547 ET
1067 513 1336 548 FRATRIBUS
1382 512 1464 554 QUI
1502 512 1664 548 TECUM

135 571 259 606 SUNT
298 570 508 606 EVODIUS
546 571 606 605 ET
645 570 861 606 FRATRES
901 571 984 613 QUI
1022 570 1195 607 MECUM
1228 571 1350 606 SUNT
1383 571 1435 606 IN
1468 571 1661 607 DOMINO

779 629 1011 665 SALUTEM.

194 714 274 755 Per
310 714 519 757 Iobinum.
565 713 637 767 qui
674 713 726 754 ad
768 714 1082 766 possessionem
1127 714 1457 756 Marcianensem
1502 715 1660 756 missus

134 785 282 828 fuerat.
327 784 486 826 dudum
530 797 656 826 unam
701 784 989 837 quaestionem
1031 785 1081 826 de
1120 785 1280 827 ratione
1326 788 1367 827 et
1412 786 1488 827 deo
1533 786 1665 827 missa

134 856 317 909 epistula
348 869 440 897 mea
477 856 752 910 interrogauiz
791 856 918 897 huius
953 855 1088 897 adhuc
1120 869 1368 910 responsum
1402 869 1482 898 non
1515 857 1663 898 merui.

133 927 207 968 sed
241 927 337 980 quia
377 926 580 981 epistulas
619 927 857 969 sanctitatis
896 930 994 968 tuae
1027 940 1152 968 unam
1186 927 1238 968 ad
1269 927 1491 969 inlustrem
1524 927 1662 968 uirum

134 998 413 1039 Volusianum
435 1000 477 1039 et
496 999 669 1039 alteram
695 997 746 1038 ad
766 997 955 1039 Italicam
974 998 1193 1040 inlustrem
1215 999 1255 1039 in
1279 998 1444 1041 Christo
1466 998 1663 1040 feminam

133 1069 173 1110 in
206 1069 402 1110 manibus
435 1070 623 1123 legentes
662 1068 904 1118 habuimus,
945 1069 1139 1120 occurrit,
1179 1069 1290 1123 quod
1322 1069 1362 1110 in
1398 1069 1580 1124 epistula
1612 1069 1662 1110 de

133 1139 290 1181 domini
332 1139 425 1181 Iesu
467 1139 623 1181 Christi
663 1139 728 1180 dei
766 1139 900 1180 nostri
932 1140 1087 1181 carnali
1120 1140 1160 1181 in
1194 1140 1357 1194 uirgine
1391 1139 1663 1193 conceptione

133 1213 175 1252 et
218 1224 266 1252 ex
310 1223 357 1252 ea
402 1211 624 1252 natiuitate
669 1211 872 1265 posuisti:
922 1210 981 1253 ‘Si
1024 1211 1130 1252 ratio
1182 1211 1407 1264 quaeritur.
1460 1223 1539 1252 non
1587 1211 1664 1252 erit

132 1282 344 1331 mimbilez
379 1282 414 1323 si
447 1283 682 1336 exemplum
716 1282 918 1336 poscitur.
952 1295 1032 1324 non
1067 1282 1146 1323 erit
1177 1282 1415 1336 singulare‘,
1449 1283 1490 1323 et
1520 1282 1660 1323 uisum

133 1357 199 1394 est
235 1366 360 1406 posse
400 1352 449 1394 de
490 1353 602 1394 omni
640 1353 862 1394 natiuitate
901 1355 943 1394 et
982 1353 1163 1395 hominis
1203 1353 1271 1394 uel
1311 1353 1541 1394 cuiuslibet
1578 1353 1663 1394 ani-

132 1424 286 1465 mantis
319 1424 389 1466 uel
422 1423 596 1465 seminis
629 1425 712 1465 tale
746 1424 905 1477 aliquid
939 1423 1035 1465 dici.
1071 1425 1106 1465 si
1133 1424 1238 1465 ratio
1273 1425 1380 1465 enim
1415 1424 1506 1465 eius
1541 1437 1661 1477 quae-

132 1499 260 1545 ratur,
293 1508 372 1537 non
404 1495 673 1550 indagabitur
698 1498 740 1536 et
766 1495 913 1549 utique
942 1496 1020 1536 erit
1050 1495 1241 1537 mirabile
1275 1498 1327 1539 et.
1363 1496 1397 1536 si
1425 1497 1661 1548 exemplum

132 1569 343 1619 poscatur.¹
378 1567 476 1620 quia
508 1567 612 1608 nihil
646 1567 729 1608 tale
758 1567 878 1608 sitin
907 1567 1123 1620 exemplis.
1157 1567 1235 1608 erit
1267 1566 1493 1622 singulare.
1526 1579 1660 1620 neque

131 1638 241 1679 enim
275 1632 345 1690 qui
379 1641 611 1680 conuentus
638 1638 717 1679 uiri
745 1641 787 1680 et
811 1638 992 1679 feminae
1019 1639 1089 1679 uel
1115 1638 1343 1679 cuiuslibet
1375 1638 1660 1692 conceptionis

132 1710 356 1763 aliquando
397 1710 507 1764 quod
545 1710 584 1751 in
625 1713 785 1752 secreto
830 1710 1045 1753 formatur.
1090 1709 1249 1751 ratione
1293 1710 1449 1763 poterit
1493 1709 1656 1763 exponi:

251 1873 389 1907 13—14
417 1889 459 1901 z
487 1884 520 1917 p.
550 1873 628 1908 107.
658 1873 792 1906 10—11

248 1990 349 2025 Idem
375 1990 524 2034 codices,
549 1990 613 2035 qui
637 1991 675 2024 in
703 2002 756 2035 ep.
787 1990 917 2025 CLIX
940 1995 971 2025 et
1003 1990 1115 2025 CLX.

175 2118 378 2163 Inscriptio
409 2129 475 2152 om.
510 2118 545 2152 P
574 2119 628 2161 (in
660 2129 770 2161 ηιαιῃ.
804 2129 846 2151 m.
882 2121 899 2151 1
934 2117 1163 2151 breuioribus
1201 2117 1222 2152 l.
1257 2117 1357 2160 add.)
1398 2117 1565 2152 P¹SVP³
1603 2119 1658 2159 (ιή.

130 2189 239 2222 nimy.
266 2191 310 2214 m.
338 2182 356 2212 1
383 2178 502 2221 add.);
533 2178 611 2211 edd.
640 2181 790 2221 praeter
814 2188 847 2210 m
874 2177 1022 2211 habent:
1058 2176 1218 2210 Euodius
1251 2177 1454 2221 Augustino
1488 2177 1656 2222 episcopo

129 2238 281 2272 salutem
403 2239 423 2272 2
451 2240 575 2271 sancto
601 2248 669 2272 om.
697 2236 747 2270 P2
874 2236 1071 2270 uenerabili
1098 2240 1206 2280 atque
1232 2236 1268 2270 P
1292 2235 1548 2270 uenerabiliter
1574 2240 1656 2278 (om.

129 2300 210 2340 que)
239 2309 268 2330 m
380 2298 400 2331 3
427 2297 560 2340 tecum]
586 2307 735 2331 mecum.
764 2306 806 2329 m.
835 2298 860 2329 2
885 2299 1002 2329 tecum
1029 2295 1065 2329 P
1159 2296 1180 2329 4
1207 2296 1359 2330 salutem
1387 2296 1422 2329 in
1449 2295 1592 2329 domino
1622 2307 1653 2329 m

128 2357 148 2389 6
174 2355 348 2398 iobiuum,
374 2367 417 2391 m.
447 2359 465 2389 1
491 2366 581 2389 corr.
608 2356 767 2389 iouinum
795 2355 845 2388 12³
870 2355 1030 2388 iouinum
1057 2355 1093 2388 P
1116 2355 1302 2389 iouiniam]
1328 2355 1378 2389 P2
1522 2355 1651 2391 missis.

127 2424 216 2448 corr.
243 2415 371 2449 missus
404 2414 438 2447 V
557 2415 575 2448 7
604 2418 680 2448 erat
703 2413 946 2448 PP¹SVHP²³
971 2413 1048 2447 edd.
1190 2419 1274 2458 post
1301 2415 1549 2459 quaestionem
1578 2425 1650 2447 ras.

131 2476 242 2507 9—11
268 2474 288 2507 l.
323 2473 355 2505 Γ
426 2475 446 2508 8
474 2473 580 2507 huius
608 2486 650 2507 m.
679 2475 704 2507 2
729 2473 797 2507 del.
825 2472 875 2507 Ρ2
901 2473 999 2507 cuius
1026 2473 1105 2507 edd.
1198 2474 1219 2507 9
1247 2473 1401 2518 epistula
1429 2472 1477 2506 1²2
1573 2474 1651 2509 scis,

128 2543 161 2566 (ι.
188 2544 231 2566 m.
258 2544 373 2577 supra
399 2533 484 2567 add.
511 2536 549 2566 ta
575 2532 624 2567 P2
748 2533 789 2566 10
817 2535 853 2566 et
878 2543 968 2566 eras.
996 2531 1046 2566 P2
1163 2533 1201 2566 11
1232 2533 1265 2566 in
1294 2533 1410 2576 priore
1438 2531 1593 2575 epistola
1622 2543 1651 2565 m

129 2591 170 2624 13
196 2592 356 2636 queritur
380 2591 430 2626 Ρ2
504 2593 547 2626 14
573 2591 856 2634 mirabile—erit
881 2602 947 2625 om.
975 2591 1024 2624 P·—’
1098 2592 1140 2626 15
1169 2595 1204 2625 et
1230 2602 1296 2625 om.
1324 2590 1374 2625 P2
1451 2591 1491 2624 19
1518 2590 1590 2624 tale
1618 2591 1651 2624 in

126 2651 295 2695 exemplis
321 2651 555 2695 praecesserit
574 2651 756 2695 singulare
776 2650 841 2692 1²23·
859 2651 1024 2693 fortasse
1049 2650 1123 2684 tale
1150 2651 1184 2684 iu
1212 2650 1383 2694 exemplis
1410 2650 1654 2694 praecesserit,

127 2710 193 2743 erit
219 2710 399 2754 singulare
477 2711 518 2744 19
545 2711 617 2755 qui,
646 2722 689 2746 m.
717 2712 741 2743 2
767 2710 846 2754 quis
874 2708 921 2743 1)ι
948 2710 1026 2754 quis
1053 2709 1132 2744 edd.
1207 2704 1455 2743 ‘conuentuiri
1477 2719 1555 2742 cum
1577 2719 1652 2743 ras.

125 2779 232 2812 super
258 2772 284 2805 t.
312 2780 355 2803 m.
385 2772 402 2802 1
428 2780 518 2803 corr.
545 2780 564 2802 a
591 2771 770 2803 conuentu
799 2769 866 2802 uiri
900 2768 931 2800 V
1034 2769 1117 2813 ‚uell
1140 2785 1154 2801 a
1189 2768 1220 2800 V
1328 2767 1477 2802 cuilibet
1505 2778 1652 2813 concep-

126 2827 217 2861 tioni
238 2827 287 2861 P‘-’
366 2831 450 2872 post
476 2828 722 2873 conceptionis
748 2838 775 2861 s.
802 2839 836 2861 u.
865 2831 922 2869 (m.
951 2830 970 2861 1
996 2827 1029 2872 ?)
1057 2827 1142 2861 add.
1171 2838 1259 2872 opus
1287 2827 1469 2871 perficitur
1495 2826 1528 2858 Γ
