1952 3118
67 963 101 988 10

66 1318 98 1344 15

69 1674 101 1698 20

617 179 970 224 epistularum
1010 178 1164 215 CXLIX.
1573 181 1655 222 351

129 311 304 350 uenter
337 320 517 357 eorum,
556 307 599 349 id
631 312 696 349 est
727 312 893 362 praeter
924 309 1016 359 hoc,
1057 308 1166 362 quod
1199 309 1239 350 in
1274 308 1496 350 manifesto
1531 308 1656 350 diuisi

129 381 239 430 sunt,
278 379 403 421 etiam
449 379 505 420 de
549 379 862 422 absconditis
907 380 1025 429 tuis,
1071 392 1178 433 quae
1215 379 1256 420 in
1305 379 1471 421 occulto
1515 379 1658 421 reddis

129 450 408 493 conscientiae
464 450 683 500 malorum,
741 450 1046 504 adimpletus
1105 453 1181 492 est
1236 453 1411 492 uenter
1467 463 1656 498 eorum;

127 524 315 564 uentrem
349 522 492 575 posuit
522 535 595 576 pro
627 522 882 563 internorum
916 522 1223 575 latentiumque
1257 521 1442 563 secretis.

187 592 307 644 Quod
345 605 445 634 uero
485 593 694 646 sequitur:
741 592 965 635 Saturati
1007 595 1123 634 sunt
1159 593 1376 647 porcina,
1416 593 1514 643 iam,
1556 592 1657 646 quid

126 663 228 706 mihi
267 677 312 705 ex
352 664 429 705 hoc
468 664 694 712 uideretur,
734 664 890 718 aperui.
930 664 1002 706 sed
1042 663 1154 717 quod
1193 663 1263 705 alii
1303 663 1470 705 codices
1503 664 1659 705 habent

126 738 168 776 et
198 735 341 776 uerius
373 735 524 776 habere
556 735 837 788 perhibentur,
872 734 971 788 quia
1003 734 1269 790 diligentiora
1302 733 1552 787 exemplaria
1583 747 1658 787 per

126 808 322 847 accentus
368 808 509 847 notam
555 806 727 847 eandem
772 806 891 847 uerbi
932 805 1082 848 Graeci
1128 805 1449 860 ambiguitatem
1496 804 1655 846 Graeco

126 877 331 918 scribendi
363 890 476 918 more
511 877 764 927 dissoluunt‚
798 878 1019 919 obscurius
1053 879 1118 919 est
1150 877 1333 930 quidem.
1367 876 1440 918 sed
1467 875 1656 917 electiori

126 948 356 989 sententiae
389 948 556 989 uidetur
588 949 727 1002 aptius
761 949 995 991 conuenire.
1030 948 1127 1003 quia
1154 948 1265 989 enim
1293 947 1472 988 dixerat:
1505 947 1567 988 Et
1599 947 1654 988 de

125 1018 438 1061 absconditis
478 1019 582 1061 tuis
620 1019 924 1072 adimpletus
965 1026 1041 1061 est
1073 1022 1247 1061 uenter
1279 1031 1459 1068 eorum,
1500 1018 1654 1072 quibus

127 1090 263 1131 uerbis
303 1090 468 1131 occulta
505 1090 571 1131 dei
609 1090 763 1132 iudicia
802 1090 1039 1145 significata
1077 1092 1177 1131 sunt
1208 1115 1263 1120 -
1297 1090 1464 1131 occulta
1501 1089 1656 1143 quippe

125 1164 224 1202 sunt
266 1161 445 1211 miseris,
498 1162 623 1204 etiam
669 1162 739 1215 qui
784 1162 969 1217 gaudent
1012 1162 1052 1202 in
1098 1161 1235 1212 malis,
1289 1174 1392 1215 quos
1443 1160 1656 1202 tradidit

126 1231 242 1272 deus
275 1231 321 1272 in
363 1232 801 1285 concupiscentias
841 1232 1007 1274 cordis
1055 1245 1220 1274 eorum
1265 1256 1336 1282 -—‚
1376 1232 1497 1273 uelut
1528 1243 1652 1284 quae-

124 1306 292 1354 reretur,
342 1303 452 1344 unde
501 1304 665 1356 possint
716 1304 927 1358 cognosci,
980 1303 1051 1357 qui
1095 1303 1136 1344 in
1187 1302 1432 1345 abscondito
1483 1302 1543 1343 ira
1589 1302 1654 1343 dei

124 1374 340 1428 adimpleti
378 1376 489 1417 sunt.
535 1378 577 1416 et
612 1375 948 1429 responderetur,
994 1374 1107 1428 quod
1145 1374 1185 1416 in
1226 1374 1446 1428 euangelio
1493 1373 1654 1415 dictum

125 1447 207 1487 est:
247 1446 309 1487 Ex
343 1446 595 1488 fructibus
637 1459 801 1488 eorum
838 1446 1158 1502 cognoscetis
1192 1459 1288 1493 eos,
1323 1446 1520 1487 continuo
1555 1445 1652 1486 sub—

125 1517 313 1558 iunctum
349 1520 430 1559 est:
472 1517 695 1559 Saturati
735 1521 851 1559 sunt
889 1518 1033 1565 filiis,
1074 1518 1153 1559 hoc
1186 1520 1251 1559 est
1282 1517 1504 1565 fructibus,
1541 1516 1654 1570 quod

125 1588 361 1630 euidentius
401 1588 556 1630 dicitur
593 1589 804 1643 ‘operibus
844 1589 960 1630 suis'.
1006 1588 1116 1630 unde
1162 1588 1261 1630 alibi
1306 1588 1482 1643 legitur:
1527 1587 1653 1629 Ecce

128 1660 402 1713 parturiuit
446 1660 767 1712 iniustitiam,
820 1661 1052 1714 concepit
1095 1660 1316 1702 dolorem
1363 1662 1411 1701 et
1454 1659 1654 1713 peperit

127 1731 450 1784 iniquitatem
495 1735 536 1772 et
580 1732 700 1773 alibi:
754 1732 875 1773 Dein
928 1730 1343 1784 concupiscentia
1394 1743 1500 1772 cum
1547 1742 1654 1771 con·

129 1803 329 1855 ceperit.
364 1802 495 1855 parit
526 1806 802 1856 peccatum.
836 1803 934 1843 mali
963 1815 1060 1857 ergo
1089 1802 1162 1843 filii
1191 1802 1302 1843 mala
1329 1814 1466 1856 opera,
1501 1801 1653 1855 quibus

247 1977 284 2017 :3;
314 1976 356 2010 18
384 1976 441 2010 Ps.
471 1976 524 2016 16,
554 1976 596 2010 14
696 1977 738 2010 13
767 1977 868 2010 Rom.
898 1976 928 2016 1,
956 1976 1001 2011 24
1101 1976 1141 2010 17
1170 1975 1301 2011 Matth.
1330 1976 1361 2018 7,
1392 1975 1433 2009 16
1527 1975 1569 2009 19
1597 1975 1654 2009 Ps.

131 2035 161 2075 Τ,
191 2036 232 2069 15
306 2034 349 2068 21
378 2034 449 2069 Iac.
480 2036 510 2075 1,
539 2036 580 2070 15

178 2129 193 2163 l
223 2132 368 2173 propter
393 2130 428 2163 A
531 2130 551 2163 3
580 2139 657 2163 cum
684 2129 857 2163 scientiae
885 2129 926 2163 H
950 2129 1174 2163 conscientia
1199 2131 1276 2172 (con
1305 2128 1346 2162 in
1371 2138 1445 2162 ras.
1474 2139 1517 2161 m⁴
1546 2129 1585 2171 2)
1611 2126 1660 2160 M

131 2188 151 2221 4
178 2189 315 2232 possuit
342 2189 513 2227 <alterum
539 2201 554 2222 s
580 2193 674 2232 exp.)
710 2188 743 2222 V
837 2190 857 2223 6
884 2189 951 2223 hoc
977 2189 1017 2223 in
1042 2189 1114 2231 fine
1139 2199 1174 2222 u.
1202 2199 1267 2222 om.
1296 2189 1331 2222 A
1448 2186 1592 2220 uidetur
1621 2187 1655 2220 A

133 2248 150 2281 7
177 2248 331 2281 ueterius
359 2247 402 2281 H
517 2248 538 2281 8
566 2255 731 2282 accentos
759 2247 847 2281 HM
989 2250 1116 2282 notata
1141 2246 1250 2280 tande
1285 2246 1316 2279 V
1347 2248 1467 2280 notam
1496 2244 1655 2279 eiusdem

131 2307 249 2350 eflm
275 2309 397 2340 notam
425 2307 599 2341 eiusmodi
624 2317 644 2341 r
741 2308 761 2341 9
789 2306 978 2350 dissolunt,
1006 2318 1049 2341 m.
1078 2308 1103 2340 2
1129 2305 1334 2340 dissoluunt
1359 2306 1394 2339 P
1497 2304 1656 2343 obscure,

132 2376 174 2399 m.
201 2367 226 2400 2
252 2365 436 2400 obscurius
464 2370 518 2400 est
545 2366 584 2400 K
719 2375 773 2400 est
801 2367 945 2411 quidem
973 2377 1040 2401 om.
1067 2367 1101 2399 A
1242 2365 1389 2399 electori
1416 2364 1597 2398 sententia
1622 2363 1657 2410 A

134 2424 175 2457 12
201 2425 350 2464 occulta,
378 2436 420 2460 m.
448 2428 467 2459 1
491 2436 608 2470 supra
635 2425 720 2459 add.
747 2426 763 2459 l
789 2425 921 2459 occulti
955 2425 985 2458 V
1010 2425 1149 2459 occulte
1180 2424 1213 2459 G
1241 2425 1331 2459 lrm
1467 2423 1508 2457 13
1537 2421 1656 2455 miseri

131 2483 245 2517 MPG
258 2483 328 2517 VK
352 2485 395 2519 lr
410 2496 442 2518 m
541 2486 600 2529 qui
628 2485 736 2518 etiam
764 2486 853 2528 aes
926 2484 967 2518 14
995 2484 1056 2518 dns
1090 2484 1123 2518 V
1195 2484 1238 2518 15
1265 2483 1326 2528 qui
1352 2499 1389 2514 a*
1417 2483 1509 2526 sfuit
1537 2481 1595 2522 ab)
1618 2479 1662 2513 H

133 2542 223 2586 qui-i
252 2543 300 2576 M
374 2544 415 2577 16
442 2544 572 2588 c‹]pleti
600 2544 648 2577 Μ
721 2544 760 2578 17
789 2545 843 2589 ex}
873 2555 893 2578 a
914 2543 957 2577 Il
977 2554 1042 2578 sec.
1070 2553 1164 2577 sacr.
1194 2543 1263 2577 liet.
1362 2541 1561 2575 subiectum
1584 2538 1661 2573 AV

135 2601 176 2635 19
203 2602 405 2636 euidentius
432 2604 486 2646 (us
513 2614 556 2637 ca:
581 2613 670 2639 corr.
698 2614 742 2637 m.
771 2605 809 2641 2)
838 2602 876 2636 Κ
986 2603 1059 2637 suis
1085 2614 1164 2643 om..
1191 2606 1245 2637 ms
1264 2604 1289 2635 2
1316 2600 1400 2635 aad.
1430 2599 1471 2633 K
1564 2598 1656 2642 legi-

134 2661 230 2704 gitur
255 2663 353 2704 (θέα)
371 2661 413 2695 K
457 2663 503 2697 20
524 2662 700 2696 iustitiam
725 2662 796 2697 GV
817 2665 918 2703 (ante
936 2665 955 2695 1
978 2662 1000 2696 l.
1022 2673 1130 2696 erasa
1156 2661 1249 2703 uid.)
1325 2659 1489 2704 concepit
1511 2658 1543 2692 d.
1566 2662 1602 2691 et
1624 2670 1656 2703 p.

135 2712 331 2764 iniquit-K
414 2724 450 2755 et
476 2732 541 2755 om.
570 2721 614 2754 M
686 2723 727 2755 21
758 2721 800 2756 de
828 2724 861 2755 A
889 2721 1019 2755 deinde
1052 2709 1084 2755 V
1110 2721 1198 2755 lrm
1226 2731 1290 2755 sec.
1326 2719 1430 2764 Vuly.
1505 2718 1550 2752 ‘2‘2
1579 2717 1657 2762 qui-

138 2780 212 2817 bus,
239 2791 281 2813 m.
312 2781 336 2813 2
363 2780 396 2814 in
425 2780 553 2824 quibus
585 2780 616 2814 G
