1952 3118
585 182 937 227 epistularum
979 182 1079 218 CXL.
1120 182 1240 218 CXLI.
1341 190 1346 200 ¹
1592 186 1676 227 235

847 312 984 354 CXLI.

197 404 433 440 SILVANUS
460 405 630 448 SENEX,
656 404 976 446 VALENTINUS,
1004 404 1254 447 AURELIUS,
1288 405 1630 442 INNOCENTIUS.

148 464 437 504 MAXIMINUS,
457 464 685 504 OPTATUS,
707 464 1024 504 AUGUSTINUS,
1043 463 1271 499 DONATUS
1291 464 1352 498 ET
1382 464 1554 500 CETERI
1581 465 1678 499 EPI—

322 523 460 559 SCOPI
487 524 549 558 DE
577 523 805 559 CONCILIO
834 523 1068 558 ZERTENSI
1093 524 1157 558 AD
1186 523 1504 559 DONATISTAS.

0 643 1 650 ,
37 598 59 640 1
109 621 125 645 5
210 607 315 650 Cum
348 609 389 650 in
423 608 594 649 auribus
627 607 783 649 nostris
815 608 926 648 fama
954 607 1235 649 crebresceret
1261 607 1338 648 hoc
1365 608 1487 649 uobis
1514 609 1679 649 uestros

0 671 1 679 ¹
151 680 370 733 episcopos
416 679 565 727 dicere,
613 679 871 733 cognitorem
918 678 1099 732 praemio
1145 678 1277 720 fuisse
1329 681 1588 732 corruptum,
1633 681 1681 720 ut

151 752 292 791 contra
325 762 395 791 eos
429 750 637 791 sententia
667 750 935 802 proferretur,
964 762 1040 791 uos
1073 752 1215 790 autem
1248 749 1330 790 ista
1362 749 1484 790 facile
1513 749 1681 791 credere

151 834 197 862 ac
229 824 447 874 propterea
479 821 638 862 multos
671 822 860 861 uestrum
893 819 1030 861 adhuc
1062 821 1174 862 nolle
1202 819 1471 873 adquiescere
1498 820 1680 870 ueritati,

148 891 309 945 placuit
341 891 459 933 nobis
494 894 669 945 cogente
702 891 859 932 domini
893 891 1067 932 caritate
1101 904 1146 932 ex
1180 890 1358 932 concilio
1400 892 1542 933 nostro
1580 891 1682 932 haec

95 975 125 999 10
152 963 202 1004 ad
241 975 316 1004 uos
355 962 512 1016 scripta
549 962 741 1016 dirigere,
781 962 935 1015 quibus
974 962 1169 1015 primitus
1214 961 1543 1003 admoneremini
1585 962 1683 1003 illos

152 1033 274 1075 uobis
307 1033 443 1075 uictos
477 1036 602 1086 atque
636 1033 853 1074 conuictos
886 1033 987 1074 haec
1020 1032 1239 1074 mendacia
1263 1033 1430 1075 iactare.
1458 1033 1530 1086 qui
1557 1033 1682 1074 etiam

152 1105 191 1145 in
232 1118 308 1146 suo
347 1104 558 1150 mandato,
599 1104 710 1156 quod
748 1117 821 1157 pro
860 1104 952 1157 ipsa
997 1104 1231 1146 conlatione
1276 1104 1465 1146 fecerunt
1509 1107 1551 1146 et
1594 1105 1683 1146 suis

152 1176 390 1217 nominibus
411 1178 535 1228 atque
557 1175 941 1229 subscriptionibus
961 1175 1234 1216 firmauerunt
1254 1188 1330 1217 nos
1350 1175 1438 1216 illic
1460 1175 1684 1217 traditores

153 1250 194 1289 et
225 1251 514 1301 persecutores
550 1260 648 1289 suos
683 1260 775 1288 esse
804 1247 1004 1296 dicentes,
1031 1246 1072 1287 in
1100 1247 1286 1288 falsitate
1314 1249 1440 1300 atque
1467 1246 1684 1288 mendacio

95 1332 126 1357 15
152 1318 496 1359 manifestissimo
543 1318 697 1360 detecti
742 1320 867 1371 atque
914 1318 1097 1360 conuicti
1142 1321 1253 1366 sunt,
1298 1318 1359 1359 ita
1402 1320 1449 1359 ut
1492 1318 1683 1359 uolentes

153 1389 321 1444 gloriari
355 1389 404 1430 de
439 1389 709 1431 multitudine
743 1390 1087 1443 coepiscoporum
1117 1403 1286 1431 suorum
1315 1390 1422 1431 inter
1447 1390 1684 1443 aliquorum

294 1574 330 1608 P
366 1591 408 1603 ἶ
436 1575 513 1609 cod.
540 1575 744 1610 Parisinus
769 1586 854 1610 nou.
883 1587 959 1620 aeq.
988 1578 1089 1609 1443
1114 1587 1142 1610 s.
1170 1576 1330 1609 IX—X.

294 1634 342 1668 Μ
366 1651 408 1663 z
437 1634 512 1669 cod.
540 1635 780 1670 Monacensis
809 1637 915 1669 6266
940 1647 966 1669 s.
996 1635 1043 1669 X.

294 1693 334 1727 F
368 1710 411 1722 =
439 1693 515 1728 cod.
545 1694 836 1739 Salisburyensis
862 1695 901 1728 X
926 1696 977 1729 29
1001 1706 1028 1728 s.
1057 1694 1218 1728 X—XJ.

296 1755 330 1788 A
366 1770 409 1782 =
437 1754 513 1788 eod.
541 1754 952 1797 Audomaropolitanus
981 1755 1041 1790 76.
1070 1756 1105 1793 8,
1136 1756 1157 1787 9
1182 1765 1209 1787 ⁸.
1237 1753 1399 1789 X——XL

294 1812 343 1847 P¹
367 1830 409 1841 =
437 1813 514 1847 cod.
542 1813 742 1847 Parisinus
767 1824 852 1847 nou.
881 1824 957 1857 aeq.
986 1815 1086 1846 1444
1112 1824 1139 1847 s.
1168 1812 1239 1846 XI.

295 1872 331 1907 R
367 1888 410 1901 z
438 1873 515 1907 cod.
543 1872 642 1906 Mus.
669 1872 765 1907 Brit.
793 1872 879 1916 Rey.
912 1874 933 1906 5
958 1872 997 1906 D
1029 1872 1087 1906 VI
1108 1883 1135 1907 s.
1164 1872 1374 1906 XI—XII.

202 2012 293 2056 Any.
321 2011 482 2048 Reiz-aec.
516 2012 566 2046 ΙΙ
598 2015 649 2046 40
673 2024 699 2046 s.
726 2012 796 2056 fin.
825 2012 938 2046 Multo
966 2012 1109 2046 breuius
1143 2011 1180 2045 id
1207 2012 1264 2056 egi
1291 2013 1325 2045 in
1355 2011 1506 2056 quadam
1537 2011 1581 2045 ad
1610 2022 1685 2045 cos-

157 2069 235 2105 dem
268 2082 388 2105 rursus
422 2071 588 2116 epistula.
621 2071 684 2105 scd
717 2072 800 2116 quia
832 2072 867 2105 in
909 2071 1061 2105 concilio
1094 2069 1287 2105 Numidiae
1321 2071 1496 2111 omnibus,
1537 2070 1597 2115 qui
1636 2070 1686 2104 ibi

157 2140 306 2169 eramus.
338 2129 406 2164 hoc
439 2130 513 2163 lieri
548 2130 694 2175 placuit,
727 2141 796 2164 non
831 2134 887 2164 est
919 2130 954 2163 in
983 2130 1148 2175 epistulis
1176 2130 1277 2164 meis.
1305 2130 1356 2164 sic
1383 2130 1514 2174 quippe
1540 2129 1685 2174 incipit:

158 2187 347 2230 „Siluanus
367 2200 484 2229 senex,
506 2189 732 2227 Valentinus.
756 2190 999 2227 Innocentius,
1020 2189 1246 2229 Maximinus,
1265 2188 1433 2234 Optatus,
1452 2188 1687 2233 Augustinus,

156 2247 319 2282 Donatus
346 2253 382 2282 et
408 2248 518 2282 ceteri
547 2249 705 2293 episcopi
733 2248 775 2282 de
803 2248 953 2282 concilio
981 2248 1142 2282 zertensi
1170 2247 1215 2282 ad
1241 2249 1490 2282 Donatistas“.

205 2307 484 2351 Inscriptionem
511 2319 577 2342 om.
604 2307 640 2342 R
738 2308 759 2340 2
786 2308 971 2352 Siluanus]
998 2308 1127 2352 incipit
1145 2335 1147 2354 4
1166 2309 1326 2342 silnanus
1352 2307 1401 2341 M
1423 2307 1600 2351 incipiunt
1625 2306 1685 2340 sil-

159 2377 268 2400 uanus
295 2367 365 2401 ΕΑ
512 2367 677 2401 Aurelius
705 2379 771 2402 om.
800 2367 961 2402 Retract.
989 2367 1038 2401 ΙΙ
1064 2369 1116 2401 40
1140 2379 1168 2401 8.
1189 2367 1258 2411 fin.
1406 2367 1426 2401 3
1454 2366 1627 2400 maximus
1654 2365 1689 2398 P

205 2429 359 2471 optatos.
385 2439 429 2461 m.
459 2430 476 2461 1
502 2438 591 2462 corr.
620 2430 766 2471 optatus
794 2426 832 2460 F
926 2427 1092 2460 Donatus
1118 2437 1186 2460 om.
1214 2426 1261 2459 M
1285 2426 1449 2462 donatos.
1477 2438 1519 2459 m.
1548 2429 1565 2458 1
1592 2435 1681 2459 corr.

159 2484 311 2520 donatus
338 2486 376 2520 F
470 2487 489 2519 7
518 2486 621 2520 facile
649 2486 720 2520 ista
746 2486 792 2520 M
888 2486 909 2519 8
937 2497 977 2519 ac
1004 2496 1069 2520 om.
1098 2484 1292 2520 PMFAR
1403 2484 1447 2519 ad
1473 2485 1540 2519 hoc
1566 2484 1682 2518 MFA

207 2545 351 2579 ueritati
385 2545 522 2590 placuit
556 2546 672 2590 nobis}
708 2545 810 2590 quib;
845 2545 979 2590 primit'
1014 2545 1270 2579 amoneremini
1305 2544 1384 2578 illos
1415 2555 1461 2578 m.
1489 2546 1513 2577 2
1546 2543 1611 2578 del.
1640 2542 1686 2576 Ρι

163 2604 204 2637 10
236 2604 487 2638 ammonemini
520 2604 601 2638 illos
634 2604 669 2638 P
699 2615 937 2638 ammonerem
972 2604 1006 2637 in
1048 2603 1128 2637 illos
1167 2603 1277 2638 FAR
1315 2613 1611 2637 ammoneremus
1651 2602 1685 2635 in

160 2661 239 2696 illos
264 2663 312 2697 M
410 2665 447 2697 11
479 2664 689 2698 conuinctos
715 2664 762 2698 M
857 2663 1125 2702 man‹lacia,'m.
1154 2666 1173 2697 1
1199 2674 1288 2698 corr.
1317 2662 1503 2696 mendacia
1529 2661 1565 2694 P
1587 2672 1686 2694 man-

162 2720 269 2760 datia,
296 2734 339 2758 m.
369 2726 386 2755 1
417 2733 508 2758 corr.
536 2722 721 2757 mendatia
747 2723 795 2757 M
935 2722 1100 2756 iactitare
1127 2722 1162 2756 P
1308 2722 1349 2755 12
1377 2721 1439 2754 illa
1463 2720 1579 2754 MFA
1607 2719 1685 2753 edd.

164 2780 205 2813 15
231 2782 522 2815 manifestissime
549 2782 585 2815 P
679 2783 850 2816 conuincti
880 2782 915 2815 P
938 2782 1102 2816 conuecti
1132 2781 1168 2815 F
1266 2782 1307 2814 16
1334 2781 1581 2825 episcoporum
1609 2779 1689 2812 PM
