1924 3122
185 219 240 259 82
666 218 699 251 S.
738 217 917 251 Aureli
959 218 1248 262 Augustini

246 348 392 402 Imple,
434 348 670 390 Christiane
715 349 852 394 iudex,
892 349 951 403 pii
995 350 1125 402 patris
1172 350 1372 399 officium,
1413 352 1473 392 sic
1519 363 1717 393 suscense

185 420 412 473 iniquitati,
447 423 494 460 ut
526 420 744 461 consulere
778 420 1032 461 humanitati
1065 422 1305 463 memineris
1339 435 1413 463 nec
1446 423 1487 463 in
1527 428 1717 476 peccato-

185 504 277 531 rum
312 491 606 532 atrocitatibus
640 503 830 532 exerceas
870 492 1103 533 ulciscendi
1142 492 1375 543 libidinem,
1415 493 1489 534 sed
1526 496 1718 546 peccato-

185 576 279 602 rurn
323 562 571 603 uulneribus
617 562 787 603 curandi
838 562 1036 603 adhibeas
1082 564 1362 605 uoluntatem.
1413 565 1501 606 noli
1543 563 1716 616 perdere

187 635 401 687 paternam
422 633 698 687 diligentiam.
721 646 844 686 quam
866 634 906 674 in
928 634 1020 687 ipsa
1038 634 1311 687 inquisitione
1340 635 1533 685 seruasti,
1556 634 1718 688 quando

186 707 398 745 tantorum
438 705 645 746 scelerum
686 705 989 746 confessionem
1028 719 1107 747 non
1152 707 1397 748 extendente
1443 707 1600 755 eculeo,
1641 719 1719 747 non

189 776 450 817 sulcantibus
502 776 686 830 ungulis,
739 789 817 817 non
870 777 1086 818 urentibus
1138 778 1318 819 fiammis
1376 778 1450 819 sed
1506 778 1720 832 uirgarum

188 847 434 888 uerberibus
487 847 646 888 eruisti.
698 847 769 900 qui
819 847 971 888 modus
1024 848 1319 890 cohercitionis
1366 851 1407 889 et
1445 862 1466 889 a
1505 847 1720 902 magistris

190 919 342 959 artium
380 918 619 958 liberalium
660 921 701 959 et
739 919 788 960 ab
828 918 933 971 ipsis
972 920 1217 971 parentibus
1259 922 1300 961 et
1339 933 1462 973 saepe
1509 920 1635 961 etiam
1681 919 1721 958 in

188 990 357 1030 iudiciis
391 990 500 1030 solet
533 991 581 1030 ab
616 990 827 1043 episcopis
854 990 1010 1031 haberi.
1044 991 1130 1031 noli
1157 1004 1255 1044 ergo
1285 991 1468 1032 atrocius
1497 990 1722 1038 uindicare,

191 1061 303 1114 quod
345 1061 481 1102 lenius
526 1061 738 1103 inuenisti.
789 1061 1026 1114 inquirendi
1071 1075 1194 1114 quam
1245 1062 1445 1116 puniendi
1496 1060 1723 1103 necessitas

191 1133 323 1174 maior
356 1135 438 1181 est3
474 1132 525 1173 ad
559 1134 636 1174 hoc
670 1133 779 1174 enim
820 1136 860 1174 et
899 1133 1115 1174 mitissimi
1155 1134 1344 1174 homines
1383 1134 1545 1175 facinus
1586 1133 1725 1174 occul-

190 1206 325 1245 tatum
350 1204 571 1258 diligenter
596 1206 721 1257 atque
749 1204 952 1245 instanter
978 1205 1224 1254 examinant,
1247 1208 1293 1245 ut
1313 1205 1541 1246 inueniant.
1572 1203 1724 1257 quibus

191 1278 374 1328 parcant.
407 1275 516 1316 unde
544 1275 791 1328 plerumque
825 1288 997 1316 necesse
1032 1278 1109 1318 est.
1145 1280 1384 1317 exerceatur
1415 1276 1552 1316 acrius
1590 1274 1727 1328 inqui-

194 1347 306 1394 sitio,
346 1349 394 1386 ut
438 1346 707 1387 manifestato
754 1347 909 1388 scelere
957 1347 1026 1397 sit,
1071 1346 1144 1388 ubi
1189 1350 1387 1400 appareat
1430 1345 1723 1387 mansuetudo.

195 1418 334 1459 omnia
367 1418 521 1470 quippe
555 1418 662 1458 bona
696 1430 820 1471 opera
853 1421 994 1459 amant
1025 1419 1066 1459 in
1098 1418 1192 1459 luce
1221 1418 1424 1459 constitui
1451 1431 1531 1459 non
1557 1420 1728 1471 propter

195 1490 421 1529 humanam
449 1489 637 1542 gloriam,
667 1488 740 1529 sed
768 1492 820 1529 ut
852 1488 1073 1539 uideant,
1102 1489 1160 1530 ait
1187 1490 1396 1538 dominus,
1424 1489 1547 1530 bona
1581 1500 1728 1541 opera

196 1563 367 1601 uestra
415 1562 463 1601 et
509 1560 808 1613 glorificent
850 1564 1039 1613 patrem
1079 1563 1318 1611 uestrum,
1360 1560 1441 1613 qui
1479 1560 1526 1600 in
1572 1558 1726 1600 caelis

198 1634 286 1672 est.
321 1633 362 1672 et
392 1631 485 1672 ideo
514 1644 594 1671 non
633 1631 792 1672 sufficit
831 1632 1022 1683 apostolo
1061 1644 1242 1679 monere,
1275 1636 1322 1672 ut
1361 1630 1727 1672 mansuetudinem

198 1715 476 1752 seruaremus,
523 1702 596 1742 sed
641 1704 688 1742 ut
733 1715 823 1743 eam
870 1702 995 1743 etiam
1047 1705 1188 1744 notam
1235 1703 1428 1744 omnibus
1473 1702 1727 1743 faceremus:

196 1773 546 1821 Mansuetudo,
568 1773 721 1825 inquit,
744 1776 914 1814 uestra
935 1777 1049 1814 nota
1078 1774 1144 1814 sit
1171 1774 1401 1815 omnibus
1423 1773 1727 1821 hominibus,

199 1847 239 1885 et
285 1844 365 1885 alio
410 1844 522 1885 loco:
575 1844 1012 1885 Mansuetudinem
1072 1847 1388 1886 ostentantes
1448 1844 1504 1885 ad
1562 1856 1728 1885 omnes

320 1972 362 2005 17
389 1971 518 2005 Matth.
548 1973 579 2016 ἶ),
608 1973 650 2006 16
725 1972 768 2005 21
797 1971 890 2005 Phil.
917 1973 950 2015 4,
977 1973 997 2005 5
1072 1973 1117 2006 22
1145 1971 1215 2005 Tit.
1242 1973 1274 2014 3,
1302 1972 1321 2005 2

249 2055 264 2087 1
295 2065 473 2093 succense,
500 2066 545 2088 m.
574 2057 598 2088 2
623 2054 664 2088 in
690 2065 803 2098 marg).
832 2060 863 2089 ‘i'
893 2054 1051 2088 diiudica
1076 2054 1115 2088 Ε
1234 2055 1255 2088 2
1282 2055 1487 2099 iniquitate,
1514 2066 1541 2089 s.
1568 2066 1604 2090 u.
1632 2066 1676 2090 m.
1707 2057 1732 2088 2

193 2124 365 2157 praepos.
400 2126 425 2147 s.
455 2113 497 2147 de
523 2113 563 2148 E
703 2114 908 2147 memineris
942 2114 1159 2148 humanitati
1185 2114 1221 2149 R
1366 2114 1602 2157 humanit-ate,
1635 2126 1678 2149 m.
1708 2116 1732 2146 2

199 2173 419 2206 humanitati
445 2173 484 2206 Ε
602 2176 621 2208 6
651 2173 873 2207 confessione
899 2173 1090 2208 MFAPR
1213 2173 1374 2217 extende,
1401 2185 1446 2210 m.
1474 2176 1499 2208 2
1526 2176 1671 2207 extenso
1697 2174 1736 2207 E

250 2244 318 2265 non
347 2233 584 2276 sulcantibus]
615 2233 908 2266 consulcantibus
935 2233 972 2267 E
1068 2237 1088 2267 ὅ
1117 2233 1191 2277 qui]
1220 2236 1261 2267 ut
1286 2234 1324 2268 Ε
1429 2235 1465 2267 et
1491 2244 1556 2266 om.
1584 2232 1672 2266 ΕΡ1
1701 2245 1732 2266 m

201 2295 221 2327 9
250 2293 317 2326 arti
346 2320 352 2332 ,
380 2304 422 2326 m.
452 2295 476 2326 2
503 2293 633 2326 artium
662 2293 699 2325 E
796 2296 831 2326 ct
858 2294 978 2337 saepe]
1009 2304 1091 2337 sepe
1119 2293 1158 2326 Ε
1229 2293 1272 2327 10
1299 2293 1341 2326 ab
1371 2293 1563 2337 episcopis]
1594 2292 1732 2335 episco-

202 2352 342 2396 palibus
369 2351 406 2384 Ε
581 2351 727 2385 “slsuberi
754 2354 841 2393 (ras.
871 2355 895 2385 2
919 2353 994 2395 fere
1021 2353 1065 2394 l.;
1089 2363 1207 2396 supra
1233 2364 1277 2385 m.
1312 2354 1336 2385 2
1370 2351 1468 2396 adhi)
1502 2352 1537 2385 P
1568 2351 1731 2385 adhiberi

203 2412 241 2445 Ε
264 2411 339 2453 flr
352 2423 385 2445 m
463 2411 501 2444 11
533 2422 620 2455 quos
647 2410 765 2444 MFA
792 2422 846 2445 ae
942 2412 1032 2445 lenis
1059 2412 1098 2444 E
1204 2410 1445 2455 inquirendilll
1472 2411 1615 2455 (parua
1642 2422 1734 2451 ras,-

205 2471 240 2505 di
266 2471 470 2513 inductum>
496 2471 534 2504 Ε
556 2470 765 2504 inueniendi
792 2470 840 2504 1³1
923 2472 964 2504 12
992 2474 1027 2505 et
1054 2482 1133 2513 om„
1160 2482 1188 2506 S.
1214 2482 1250 2504 u.
1276 2482 1320 2504 m.
1348 2475 1389 2504 ut
1415 2471 1490 2504 uid.
1520 2473 1545 2505 2
1573 2471 1658 2505 add.
1686 2470 1733 2504 1²¹

252 2530 407 2563 hominis
434 2530 472 2563 Ε
495 2532 552 2573 (m.
582 2532 606 2563 2
631 2530 807 2571 homines)
833 2530 873 2564 F
896 2532 926 2571 (s
955 2531 992 2563 in
1018 2541 1090 2564 ras.
1117 2542 1161 2563 m.
1189 2532 1221 2572 1)
1324 2531 1365 2563 153
1394 2530 1509 2573 adque
1535 2530 1584 2563 M
1677 2541 1733 2564 ex-

207 2590 356 2630 aminat,
382 2601 426 2625 m.
454 2593 494 2622 ut
519 2589 597 2623 uid.
624 2591 649 2623 2
675 2599 765 2622 corr.
794 2590 999 2623 examinant
1024 2590 1062 2623 E
1149 2590 1189 2622 14
1217 2589 1285 2632 est]
1315 2593 1370 2623 est
1396 2593 1435 2622 ut
1462 2590 1498 2623 Ε
1573 2590 1614 2622 15
1642 2590 1734 2623 scef‘l'

207 2650 352 2690 (ρανῑιιι
377 2651 466 2689 ras.)
518 2648 591 2681 lere
617 2649 684 2681 *sit
712 2649 775 2690 (sit
800 2647 1007 2692 inductum)
1034 2648 1072 2682 E
1145 2649 1186 2682 16
1214 2648 1249 2681 in
1276 2649 1353 2682 luce
1379 2649 1453 2682 PT
1548 2648 1735 2682 constituti

206 2706 291 2740 AP¹
367 2708 408 2740 17
437 2707 531 2740 bona
558 2718 624 2740 om.
652 2706 700 2740 Ι)1
777 2708 818 2741 19
847 2707 987 2741 suffecit
1014 2707 1102 2741 FT
1126 2707 1205 2741 edd.
1304 2708 1505 2752 apostolum
1527 2708 1560 2740 A
1635 2718 1734 2740 nian-

207 2765 433 2799 suetudinem
462 2777 605 2800 monere
632 2770 672 2799 ut
704 2767 735 2800 T
865 2767 910 2801 20
937 2767 1141 2800 hominibus
1167 2767 1203 2801 R
1342 2767 1383 2800 21
1413 2770 1533 2801 uestra
1558 2767 1677 2810 inquit
1707 2767 1739 2800 T

207 2825 252 2857 ⁴22
279 2825 591 2858 mansuetudinem
617 2818 718 2860 uram
746 2829 970 2860 ostentantes
997 2828 1035 2861 E

1751 1005 1783 1029 10

1750 1360 1785 1384 15

1754 1715 1788 1740 20
