1924 3122
194 222 247 263 84
668 222 702 257 S.
743 222 926 256 Aureli
964 222 1255 267 Augustini

192 351 495 393 catholicorum
536 364 750 393 seruorum
798 351 876 402 (101,
923 365 1028 406 quae
1072 352 1248 394 infirmis
1294 353 1345 394 ad
1389 353 1722 396 aedificationem

191 423 421 476 spiritalem
461 423 587 464 utiles
627 436 719 464 esse
765 423 930 474 debent,
970 424 1080 465 haud
1126 425 1337 478 reciproca
1382 425 1661 476 inimicorum,
1701 439 1724 467 a

191 493 343 546 quibus
394 494 508 547 passi
559 496 670 543 sunt,
722 507 854 548 poena
905 495 1170 544 decoloretis,
1221 496 1293 537 sed
1349 497 1490 550 potius
1546 497 1724 538 refracta

188 564 406 605 iudiciaria
438 565 663 607 seueritate
692 568 733 607 et
759 568 944 607 uestram
976 566 1113 616 fidem,
1143 566 1239 620 quia
1272 567 1348 607 filii
1376 567 1478 608 estis
1506 568 1722 617 ecclesiae,

191 639 231 676 et
257 636 392 690 ipsius
414 636 561 678 matris
582 637 947 678 mansuetudinem
969 638 1258 679 commendare
1279 639 1451 680 minime
1471 639 1722 693 neglegatis,
1767 654 1784 681 5

191 707 292 748 deus
333 708 596 761 omnipotens
642 709 943 761 praestantiam
987 710 1103 750 tuam
1147 709 1267 751 bonis
1315 710 1508 751 omnibus
1555 712 1721 765 augeat,

190 779 355 820 domine
388 779 535 820 eximie
569 782 610 821 et
642 780 790 821 merito
823 780 999 835 insignis
1034 783 1158 834 atque
1192 781 1407 822 carissime
1433 781 1507 824 fili.

842 944 1070 988 CXXXIV.

187 1036 381 1072 DOMINO
415 1037 603 1073 INSIGNI
634 1038 693 1072 ET
728 1038 910 1073 MERITO
946 1038 1144 1073 SUBLIMI
1175 1037 1236 1073 AC
1267 1038 1719 1073 PRAESTANTISSIMO

583 1096 712 1131 FILIO
739 1096 973 1131 APRINGIO
1002 1096 1320 1132 AUGUSTINL‘S.
1748 1112 1782 1137 10

245 1180 339 1222 Non
379 1181 525 1222 dubito
564 1182 606 1222 in
644 1182 721 1222 hac
766 1183 988 1234 potestate,
1030 1195 1155 1234 quam
1200 1181 1278 1222 tibi
1327 1181 1430 1222 deus
1476 1182 1636 1222 homini
1680 1182 1722 1222 in

186 1252 375 1293 homines
416 1252 544 1300 dedit,
579 1253 763 1307 cogitare
801 1256 842 1294 te
883 1253 1073 1293 diuinum
1113 1253 1332 1302 iudicium,
1364 1253 1438 1294 ubi
1479 1256 1519 1294 et
1558 1253 1719 1294 iudices

187 1324 358 1364 stabunt
395 1324 600 1365 rationein
640 1324 688 1365 de
729 1338 804 1366 suo
844 1324 1001 1365 iudicio
1040 1324 1257 1365 reddituri.
1292 1324 1526 1366 Christiana
1568 1325 1720 1378 quippe

186 1394 264 1435 fide
297 1398 338 1436 te
371 1395 566 1436 inbutum
601 1395 703 1445 3010,
737 1395 848 1437 unde
881 1396 986 1436 mihi
1020 1396 1071 1436 ad
1110 1395 1399 1437 excellentiam
1439 1399 1556 1437 tuam
1590 1396 1724 1436 maior

184 1465 338 1507 fiducia
381 1466 584 1507 tribuitur
626 1479 706 1508 non
752 1467 890 1508 solum
935 1467 1103 1519 petendi
1149 1479 1295 1507 uerum
1349 1467 1474 1508 etiarn
1525 1467 1722 1508 monendi
1749 1478 1783 1504 15

184 1541 354 1592 propter
392 1538 513 1579 11111111
553 1538 784 1580 dominum.
824 1538 865 1579 in
911 1538 1032 1579 cuius
1079 1538 1240 1579 familia
1284 1538 1504 1580 nobiscum
1550 1538 1723 1579 caelesti

183 1609 273 1650 iure
308 1609 503 1658 censeris
537 1609 578 1650 in
612 1622 692 1661 quo
728 1622 846 1663 spem
877 1610 992 1650 uitae
1032 1611 1222 1650 aeternae
1255 1609 1411 1663 pariter
1442 1609 1647 1651 habemus
1682 1612 1723 1650 et

185 1693 308 1733 quem
341 1693 414 1734 pro
448 1681 571 1722 uobis
604 1681 645 1721 in
681 1681 958 1722 sacrosanctis
990 1680 1205 1734 mysteriis
1238 1680 1498 1721 inuocamus.
1532 1681 1720 1734 proinde,

188 1752 354 1793 domine
375 1752 552 1805 insignis
576 1755 617 1793 et
640 1752 787 1793 merito
805 1752 998 1793 sublimis
1016 1764 1061 1792 ac
1077 1751 1437 1804 praestantissime
1453 1751 1525 1799 fili,
1541 1752 1720 1805 primum

185 1836 354 1875 quaes0,
382 1826 429 1864 ut
461 1836 541 1864 non
568 1824 647 1864 tibi
681 1823 825 1864 uidear
856 1823 1124 1875 importunus
1157 1822 1321 1863 inruere
1355 1823 1519 1864 actibus
1552 1823 1638 1864 tuis
1673 1835 1720 1863 ea
1746 1838 1780 1863 20

116 1889 123 1897 ¹
183 1894 484 1944 sollicitudine,
520 1908 643 1948 quam
676 1908 742 1935 me
781 1895 1006 1949 praecipue
1046 1906 1187 1948 gerere
1227 1896 1391 1946 oportet
1429 1906 1501 1946 pro
1542 1894 1721 1934 ecclesia

232 2046 245 2078 1
284 2056 467 2079 seruorum
500 2044 557 2079 dei
591 2046 697 2090 quae]
735 2056 917 2080 seruorum
952 2056 1042 2090 quae
1076 2043 1241 2079 PRP1T
1272 2055 1327 2078 ae
1360 2056 1600 2089 seruorumq;‚
1628 2055 1719 2079 corr.

182 2106 239 2145 (m.
266 2103 331 2145 1?)
367 2115 549 2138 seruorum
584 2115 674 2150 quae
700 2105 749 2138 M
781 2115 963 2139 seruorum
992 2109 1014 2150 q
1044 2104 1084 2139 F
1112 2115 1295 2138 seruorum
1329 2115 1397 2148 qua
1424 2105 1479 2147 A;
1511 2105 1555 2147 cf.
1587 2115 1626 2147 p.
1655 2105 1719 2140 86⁷

183 2166 232 2197 10
330 2164 373 2197 ad
402 2174 467 2198 om.
495 2164 534 2197 F
616 2165 636 2198 ‘2
665 2164 765 2198 utilis
794 2175 874 2198 esse
903 2164 1011 2198 debet
1035 2163 1076 2200 F
1175 2162 1273 2197 haud
1299 2174 1367 2198 om.
1393 2163 1433 2197 E
1458 2168 1519 2197 aut
1545 2163 1590 2196 M
1615 2165 1674 2204 (m.
1703 2166 1720 2196 1

185 2234 276 2257 corr.
304 2223 406 2259 haut)
432 2223 542 2257 FAP
567 2225 626 2264 (m.
656 2225 681 2258 2
705 2223 816 2267 haud)
842 2223 971 2258 RP¹T
1113 2234 1132 2256 a
1160 2234 1227 2257 om.
1255 2223 1294 2257 E
1396 2223 1416 2256 3
1444 2223 1657 2257 decoleretis
1684 2224 1723 2257 Ε

185 2282 411 2322 decoloratis,
440 2294 482 2317 m.
511 2286 529 2316 1
555 2294 644 2317 corr.
674 2283 889 2318 decoloretis
916 2283 967 2317 Ρ1
1052 2284 1075 2317 4
1103 2294 1172 2327 qua
1197 2283 1236 2317 E
1319 2285 1339 2317 5
1364 2283 1489 2317 matris
1515 2283 1556 2316 in
1581 2282 1654 2325 fine
1679 2293 1715 2316 u.

182 2352 250 2376 om.
283 2342 314 2376 T
409 2342 555 2376 minime
583 2353 649 2377 om.
677 2343 713 2377 R
788 2344 806 2376 7
837 2342 979 2377 domine
1007 2354 1074 2377 om.
1100 2343 1137 2378 R

298 2437 401 2471 Idem
427 2437 576 2481 codices,
604 2438 667 2481 qui
694 2438 733 2471 in
761 2448 812 2481 ep.
844 2437 1077 2471 CXXXIII.

228 2532 247 2565 9
276 2543 315 2566 ac
343 2543 385 2565 m.
415 2534 439 2565 2
464 2542 579 2576 supra
608 2542 680 2566 ras.
707 2532 746 2566 E
837 2532 879 2566 10
908 2532 1121 2576 apringiono
1148 2531 1226 2574 (sed
1251 2531 1289 2565 in
1314 2531 1450 2565 indice:
1478 2530 1614 2575 Incipit
1641 2530 1714 2574 epi-

181 2591 273 2625 stula
301 2591 416 2625 sancti
443 2591 629 2635 augustini
656 2591 699 2625 ad
728 2591 945 2636 apringium)
972 2591 1057 2624 ΜΓ
1170 2592 1358 2635 agustinus
1387 2582 1447 2635 eps
1474 2590 1513 2624 Ε
1610 2590 1651 2622 12
1679 2593 1715 2623 te

180 2661 245 2684 om.
275 2651 392 2684 MFA
516 2653 552 2684 et
590 2651 651 2684 ubi
683 2651 715 2684 T
844 2651 884 2685 14
913 2653 949 2685 te
976 2662 1056 2691 om,
1082 2662 1127 2686 m.
1155 2653 1173 2684 1
1200 2650 1285 2684 add.
1313 2650 1360 2684 Jl
1479 2649 1615 2683 maiora
1642 2648 1714 2682 FA

182 2710 224 2743 15
258 2710 436 2744 tribuetur
462 2711 501 2744 E
531 2710 637 2744 datur
668 2710 699 2744 T
745 2755 747 2757 ‚
843 2721 965 2744 uerum
999 2710 1109 2744 etiam
1141 2709 1325 2753 monendi}
1363 2721 1393 2749 s;
1423 2707 1651 2742 ammonendi
1684 2707 1717 2740 T

182 2770 224 2803 1ss
253 2769 419 2804 caeleste.
447 2781 490 2803 m.
519 2772 544 2803 2
571 2770 719 2804 caelesti
747 2771 785 2804 E
859 2770 900 2803 18
927 2770 963 2803 in
991 2781 1090 2804 sacro
1118 2781 1180 2814 pro
1208 2769 1311 2803 uobis
1339 2769 1472 2802 sanctis
1499 2769 1534 2801 A
1608 2767 1712 2801 nobis

183 2828 216 2861 T
288 2828 328 2861 21
360 2839 430 2872 qua
457 2828 495 2862 F
