1952 3118
237 156 321 196 310
715 155 748 191 S.
788 155 970 190 Aureli
1008 156 1298 200 Augustini

235 285 291 326 sit
334 285 418 326 ista
461 285 693 338 plenitudo,
745 298 828 337 qua
873 285 1033 327 dictum
1081 287 1145 327 est
1187 286 1422 339 implendos
1468 300 1542 328 nos
1589 301 1680 330 esse
1724 289 1763 329 in

237 369 398 397 omnem
425 356 729 409 plenitudinem
759 356 838 406 dei,
871 359 1032 409 postea,
1067 357 1101 398 si
1130 356 1231 398 deus
1258 357 1455 408 uoluerit.r
1490 371 1562 411 pro
1589 360 1766 401 uiribus,

237 439 339 480 quas
373 426 547 477 dederit,
583 427 851 469 disseremus.

294 497 417 538 Nune
462 499 617 539 autem.
670 497 783 551 quod
827 498 930 539 mihi
974 510 1252 552 proposueras
1299 501 1340 540 et
1384 499 1435 540 ad
1479 500 1768 553 explicandum

239 568 408 609 difficile
446 568 682 619 uidebatur,
728 570 869 610 utrum
917 569 1170 623 explicatum
1214 569 1282 619 sit,
1329 569 1550 624 diligenter
1594 571 1768 612 adtende
1811 588 1826 610 5

239 639 469 690 recolendo,
517 652 621 692 quae
668 639 779 681 diota
824 641 933 682 sunt.
988 639 1023 681 si
1069 640 1178 681 enim
1224 640 1403 693 quaeris.
1450 643 1588 682 utrum
1634 642 1770 695 possit

241 710 342 751 deus
382 710 530 761 uideri,
569 711 824 764 respondeo:
870 713 1025 764 potest.
1073 711 1108 752 si
1148 711 1327 764 quaeris,
1368 712 1477 753 unde
1524 713 1667 763 seiam,
1712 726 1771 754 re-

241 781 444 834 spondeo:
480 782 576 834 quia
601 782 642 822 in
670 782 945 823 ueracissima
982 782 1190 835 scriptura
1216 782 1391 836 legitur:
1418 783 1561 824 Beati
1594 784 1770 825 mundo

242 852 400 902 corde,
442 852 672 905 quonian]
711 853 812 906 ipsi
852 853 995 894 deum
1033 853 1291 902 uidebunt,
1326 857 1365 894 et
1400 855 1539 895 cetera
1575 855 1690 895 talia.
1737 855 1772 896 si

243 924 423 976 quaeris,
458 937 538 977 quo
571 924 695 965 modo
731 924 870 965 dictus
906 924 961 964 sit
993 923 1236 974 inuisibilis,
1276 925 1311 965 si
1349 925 1483 966 uideri
1520 927 1674 978 potest
1713 939 1772 967 re·
1799 944 1833 969 ιο

244 995 427 1048 spondeo
460 995 719 1036 inuisibilem
748 1008 839 1036 esse
866 998 1028 1047 natura⁷
1062 995 1195 1036 uideri
1223 997 1377 1039 autem.
1407 1009 1500 1037 eum
1528 998 1635 1048 uult,
1663 996 1774 1037 siout

243 1067 355 1111 uult:
383 1066 578 1119 plurimis
607 1066 714 1107 enirn
742 1066 863 1108 uisus
893 1068 970 1117 est,
1004 1079 1084 1107 non
1114 1066 1240 1107 sicuti
1269 1068 1345 1116 est,
1381 1067 1454 1108 sed
1487 1068 1602 1119 quali
1635 1067 1773 1121 speeie

243 1137 306 1178 illi
338 1137 501 1190 placuit
533 1150 745 1191 apparere.
780 1137 815 1178 si
843 1137 1025 1191 quaeris,
1060 1151 1140 1190 quo
1168 1137 1291 1179 inodo
1320 1151 1415 1178 eum
1443 1139 1552 1180 uidit
1577 1139 1646 1180 uel
1674 1138 1773 1180 Cain

246 1210 489 1259 sceleratus,
543 1209 706 1262 quando
753 1208 803 1250 de
855 1222 930 1250 suo
983 1209 1139 1250 scelere
1185 1209 1234 1249 ab
1284 1209 1357 1250 illo
1408 1209 1691 1264 interrogatus
1736 1213 1776 1251 et

244 1280 458 1322 iudicatus
504 1282 581 1330 est,
626 1280 695 1321 uel
740 1280 867 1321 etiam
910 1280 1000 1332 ipse
1052 1280 1259 1330 diabolus,
1305 1281 1468 1333 quando
1514 1282 1630 1322 uenit
1679 1294 1774 1322 eum
1802 1299 1835 1324 15

248 1352 422 1406 angelis,
467 1354 516 1392 ut
555 1364 694 1392 eoram
732 1351 805 1392 illo
849 1351 1085 1400 adsisteret,
1134 1351 1169 1392 si
1213 1351 1349 1392 beati
1393 1352 1570 1393 mundo
1616 1352 1776 1401 eorde,

248 1422 476 1476 quoniam
511 1422 610 1475 ipsi
644 1422 785 1463 deum
818 1421 1076 1471 uidebunt‚
1110 1422 1340 1475 respondeo
1368 1436 1448 1464 non
1482 1423 1650 1476 quidem
1685 1436 1776 1464 esse

249 1506 522 1546 consequens,
562 1495 610 1534 ut
648 1493 774 1534 etiam
813 1493 985 1534 uideant
1023 1493 1162 1543 deum,
1206 1493 1277 1546 qui
1314 1506 1440 1535 uoces
1476 1495 1525 1534 ab
1560 1506 1606 1535 eo
1645 1494 1777 1535 factas

250 1564 471 1617 aliquando
505 1564 703 1613 audiunt3
737 1577 871 1617 neque
905 1564 1014 1605 enim
1054 1564 1251 1606 uiderunt
1283 1577 1392 1615 eum7
1434 1565 1505 1618 qui
1544 1565 1777 1607 audierunt.

251 1635 414 1689 quando
450 1635 553 1676 dixit
585 1636 635 1676 ad
667 1635 824 1676 filium:
864 1636 923 1676 Et
962 1635 1254 1677 olarifioaui
1295 1638 1342 1677 et
1379 1636 1559 1677 iterum
1596 1637 1778 1678 01111111-
1806 1656 1841 1679 20

253 1708 390 1757 cab0;
423 1720 569 1748 uerum
602 1709 743 1748 tamen
776 1719 856 1748 non
891 1719 983 1748 esse
1015 1707 1267 1755 mirandum
1308 1707 1343 1747 si
1376 1707 1506 1760 aliqui
1540 1707 1667 1749 etiam
1701 1721 1779 1749 non

371 1849 392 1883 8
417 1848 548 1883 Matth.
578 1850 609 1890 5,
638 1846 657 1880 3
745 1848 787 1883 13
816 1848 903 1883 Gen.
929 1849 962 1888 4,
991 1848 1106 1883 6—15
1196 1849 1238 1881 15
1264 1847 1328 1882 Iob
1358 1849 1387 1890 1,
1415 1848 1453 1889 6;
1480 1849 1512 1888 2,
1543 1849 1558 1881 1
1636 1848 1680 1883 20
1706 1848 1782 1884 1011.

256 1909 311 1949 1-2,
338 1908 383 1942 28

306 1991 320 2024 1
350 1990 423 2024 ista
449 1990 635 2034 plenitudo
663 2000 730 2024 om.
757 1989 803 2023 M
883 1990 965 2034 quia
990 1989 1030 2023 F
1099 1990 1120 2024 3
1148 1988 1367 2030 disserimus,
1394 2000 1438 2023 m.
1466 1991 1491 2024 2
1518 1989 1732 2023 disseremus
1751 1989 1789 2024 F

255 2051 277 2084 4
305 2052 341 2084 et
366 2061 432 2084 om.
458 2050 506 2083 M
577 2051 597 2084 5
625 2049 843 2083 uidebantur
868 2049 904 2094 (n
931 2050 1023 2093 exp.)
1049 2047 1089 2082 F
1171 2048 1377 2092 explicitum
1411 2048 1511 2082 TOL
1590 2048 1785 2083 adtendere

257 2109 449 2154 colendoq;
479 2109 575 2144 dicta
600 2109 644 2143 H
761 2109 781 2143 6
809 2108 958 2143 colendo
991 2108 1020 2142 O
1143 2109 1163 2142 8
1189 2108 1225 2141 in
1252 2119 1295 2141 m.
1324 2110 1348 2142 2
1372 2119 1400 2142 s.
1426 2120 1461 2142 u.
1493 2107 1523 2141 O
1654 2107 1785 2142 mundo

258 2169 380 2204 cordes
413 2169 461 2203 M
489 2168 613 2202 mundi
647 2168 768 2203 cordes
802 2168 881 2202 HF
908 2170 965 2211 (6.1]
999 2167 1113 2202 cordis
1146 2179 1191 2202 m.
1225 2168 1256 2211 1)
1290 2168 1324 2200 A
1363 2169 1392 2210 (s
1431 2170 1538 2210 eras.)
1698 2168 1717 2201 9
1757 2167 1786 2200 si

258 2228 374 2262 uideri
399 2230 521 2274 potest
547 2228 687 2272 quaeris
715 2239 784 2271 quo
804 2227 909 2261 modo
937 2227 1053 2261 dictus
1083 2227 1129 2260 sit
1155 2225 1360 2266 inuisibilis,
1387 2238 1431 2260 m.
1455 2228 1479 2259 2
1499 2226 1527 2259 31
1556 2227 1695 2271 quaeris
1717 2237 1785 2270 quo

258 2287 364 2321 niodo
393 2288 509 2321 dictus
536 2288 583 2320 sit
602 2286 796 2320 inuisibilis
817 2286 846 2319 si
866 2285 980 2319 uideri
1002 2287 1123 2330 potest
1143 2284 1176 2318 L
1229 2285 1270 2319 10
1291 2284 1457 2325 siuederi,
1477 2295 1566 2319 corr.
1588 2285 1733 2318 siuideri
1760 2284 1788 2317 O

261 2347 299 2381 ll
330 2358 406 2380 esse
431 2349 560 2380 natura}
581 2346 610 2380 O
638 2349 695 2387 (fv
716 2346 928 2380 semu-asam
953 2345 1044 2388 uid.)
1067 2344 1101 2378 L
1126 2356 1184 2387 (ω
1213 2344 1281 2380 del.
1307 2345 1398 2386 uid.)
1426 2356 1501 2378 esse
1527 2347 1691 2378 naturam
1713 2344 1792 2378 HF

262 2410 307 2448 (m
337 2418 379 2440 m.
407 2409 432 2440 2
459 2406 540 2448 del.)
567 2406 601 2439 „1
626 2407 756 2439 natura
784 2416 859 2438 esse
886 2404 935 2437 ΙΙΙ
1079 2404 1122 2438 12
1156 2403 1268 2438 secuti
1294 2403 1339 2437 H
1479 2405 1519 2444 si,
1546 2416 1590 2438 m.
1618 2407 1643 2438 2
1669 2404 1730 2438 sed
1756 2404 1789 2437 P

308 2465 423 2510 qualis
450 2465 485 2498 A
560 2464 603 2498 13
631 2464 734 2497 deum
765 2462 867 2496 TOL
943 2463 986 2496 14
1013 2462 1056 2497 de
1084 2473 1152 2497 om.
1185 2461 1251 2497 TO
1349 2462 1520 2497 scelerare
1547 2464 1582 2496 A
1658 2464 1700 2497 16
1727 2463 1788 2496 ad—

261 2526 431 2558 sisterent
462 2523 561 2558 TOL
634 2523 764 2556 mundo
793 2521 927 2563 cordes,
956 2533 1047 2556 corr.
1075 2520 1325 2555 mundicordes
1351 2521 1400 2554 M
1420 2521 1544 2555 mundi
1572 2521 1687 2555 cordis
1713 2521 1793 2555 HF

264 2589 321 2625 (m.
344 2587 361 2617 1
382 2594 470 2618 corr.
499 2583 636 2625 cordes)
656 2581 779 2615 mundi
801 2581 924 2616 cordes
943 2582 978 2615 A
1001 2584 1029 2623 (s
1051 2583 1157 2623 eras.)
1175 2581 1211 2614 P
1228 2581 1477 2614 mundicordes
1501 2581 1592 2624 flm
1645 2582 1685 2615 17
1709 2582 1791 2625 quia

267 2646 295 2677 l)
322 2646 378 2686 (ex
404 2654 476 2677 ras.
504 2646 536 2676 et
563 2653 654 2676 corr.
683 2653 725 2675 ms.
754 2645 794 2675 ut
821 2641 895 2676 uid.
923 2644 957 2683 1;
977 2641 1100 2684 fuisse
1125 2640 1201 2674 uid.
1229 2643 1301 2684 qni)
1322 2640 1356 2674 L
1426 2641 1467 2674 19
1496 2641 1575 2685 qui*
1594 2641 1633 2674 F
1656 2642 1738 2684 quia
1763 2640 1795 2673 T

263 2702 308 2736 2⁴)
336 2708 371 2735 et
397 2713 463 2736 om.
490 2701 524 2736 L
622 2700 947 2757 ela1·ificaui*(fecit
973 2702 1002 2743 t)
1022 2701 1055 2733 A
1155 2700 1358 2734 clarificabo
1385 2700 1513 2734 iterun]
1533 2700 1611 2734 edd.
1682 2701 1723 2734 21
1748 2700 1790 2741 311

266 2768 299 2795 et
328 2762 356 2795 31
385 2762 426 2795 Η
