1924 3122
753 182 1106 227 epistularum
1140 181 1276 217 CXXX.
1728 185 1787 226 63

250 314 346 366 plus
379 312 480 354 fletu
514 324 639 365 quam
672 311 812 353 affatu.
846 311 965 365 ponit-
997 314 1136 353 autem
1171 312 1365 354 lacrimas
1405 315 1568 354 nostras
1608 313 1648 353 in
1689 325 1784 354 con·
1849 311 1852 314 ’

250 385 396 437 spectu
431 395 506 425 suo
540 386 581 424 et
613 382 797 436 gemitus
830 385 973 424 noster
1004 395 1084 424 non
1118 385 1183 423 est
1215 381 1488 425 absconditus
1522 383 1572 425 ab
1613 395 1675 432 eo,
1711 383 1782 437 qui

249 454 386 496 omnia
417 466 490 507 per
520 454 696 495 uerbum
728 453 914 495 condidit
947 456 989 495 et
1021 453 1204 494 humana
1235 453 1363 495 uerba
1395 467 1473 495 non
1509 454 1682 508 quaerit.

308 524 441 567 Nobis
474 537 572 579 ergo
604 524 733 566 uerba
764 524 999 566 necessaria
1032 528 1144 573 sunt,
1179 524 1334 577 quibus
1368 537 1709 567 commoneamur
1741 527 1785 567 et

247 596 537 649 inspiciamus,
559 595 660 649 quid
685 598 894 648 petamus,
916 608 996 637 non
1024 595 1177 649 quibus
1201 595 1417 637 dominum
1445 608 1518 637 seu
1547 596 1780 638 docendum

248 681 321 710 seu
362 667 616 710 flectendum
656 680 749 709 esse
788 667 1020 709 credamus.
1068 679 1164 708 cum
1205 679 1303 721 ergo
1349 667 1547 709 dicimus:
1594 667 1781 709 Sancti-

246 739 433 780 ficetur
465 751 636 780 nomen
670 740 824 789 tuum,
851 750 926 780 nos
961 738 1235 780 admonemus
1269 737 1516 787 desiderare,
1552 741 1598 779 ut
1630 751 1779 780 nomen

247 810 351 860 eius,
385 809 497 863 quod
531 822 697 862 semper
729 811 920 851 sanctum
953 812 1030 859 est,
1059 809 1185 851 etiam
1219 809 1330 863 apud
1361 809 1553 851 homines
1587 812 1780 850 sanctum

245 881 462 930 habeatur,
495 880 574 922 hoc
607 882 674 922 est
704 893 783 922 non
819 882 1123 927 contemnatur,
1159 879 1272 934 quod
1303 892 1383 922 non
1417 880 1493 921 deo
1535 879 1609 921 sed
1647 880 1780 922 homi-

245 951 369 993 nibus
409 951 593 1005 prodest.
634 954 675 993 et
712 951 753 992 in
794 964 855 1001 eo,
898 950 1008 1004 quod
1047 950 1247 992 dicimus:
1286 950 1534 992 Adueniat
1574 964 1778 1005 regnum

245 1025 397 1072 tuum,
438 1022 563 1076 quod,
604 1035 678 1064 seu
717 1022 900 1064 uelimus
941 1034 1015 1063 seu
1054 1021 1252 1072 nolimus,
1290 1021 1437 1075 utique
1476 1022 1631 1072 ueniet,
1671 1022 1779 1064 desi-

245 1093 407 1134 derium
440 1095 631 1135 nostrum
664 1093 715 1134 ad
754 1093 861 1134 illud
898 1106 1074 1147 regnum
1115 1093 1360 1141 excitamus,
1394 1095 1441 1134 ut
1479 1093 1598 1135 nobis
1638 1094 1781 1135 ueniat

245 1167 369 1217 atque
403 1164 443 1205 in
477 1176 524 1205 eo
558 1177 730 1218 regnare
757 1176 1005 1206 mereamur.
1034 1176 1129 1206 cum
1158 1164 1359 1206 dicimus:
1392 1164 1508 1206 Fiat
1540 1164 1776 1206 uoluntas

243 1239 328 1276 tua
374 1235 509 1276 sicut
552 1235 598 1277 in
645 1235 783 1277 caelo
830 1237 878 1276 et
920 1235 966 1276 in
1010 1238 1157 1285 terra,
1197 1235 1315 1277 nobis
1356 1235 1406 1276 ab
1446 1235 1520 1277 illo
1560 1248 1780 1289 precamur

242 1306 378 1360 ipsam
412 1306 738 1356 oboedientiam,
769 1312 817 1348 ut
849 1306 909 1348 sic
941 1306 982 1347 in
1015 1306 1135 1348 nobis
1168 1306 1242 1348 fiat
1273 1307 1473 1348 uoluntas
1511 1306 1616 1354 eius,
1651 1319 1776 1360 quem

244 1376 295 1418 ad
331 1376 503 1419 modum
544 1377 591 1419 fit
627 1377 670 1419 in
709 1377 964 1419 caelestibus
1006 1378 1055 1419 ab
1096 1377 1256 1432 angelis
1296 1377 1400 1419 eius.
1440 1390 1537 1419 cum
1575 1377 1780 1419 dicimus:

243 1448 423 1490 Panem
474 1450 701 1491 nostrum
749 1448 1059 1491 cotidianum
1106 1449 1163 1490 da
1209 1448 1351 1490 nobis
1397 1448 1557 1499 hodie,
1602 1461 1674 1502 per
1718 1448 1775 1499 id,

244 1518 356 1573 quod
389 1519 544 1561 dicitur
575 1519 740 1571 ‘hodie'‚
775 1518 1039 1574 significatur
1068 1520 1161 1561 ‘hoc
1193 1520 1409 1573 tempore',
1442 1519 1516 1561 ubi
1553 1520 1624 1561 uel
1662 1518 1777 1560 suffl-

245 1590 439 1632 cientiam
471 1591 588 1632 illam
627 1591 811 1644 petimus
846 1604 868 1631 a
901 1592 1031 1643 parte,
1067 1603 1173 1644 quae
1214 1590 1393 1640 excellit,
1427 1590 1468 1631 id
1509 1594 1574 1632 est
1610 1589 1782 1631 nomine-

365 1763 378 1796 l
409 1763 465 1797 Ps.
494 1765 551 1806 55,
578 1765 598 1798 9
721 1763 742 1797 2
767 1764 826 1800 Ps.
854 1765 911 1805 37,
942 1765 983 1800 10
1105 1766 1142 1806 6;
1173 1765 1232 1805 10;
1265 1765 1324 1805 13;
1354 1766 1396 1799 17
1423 1764 1553 1799 Matth.
1580 1765 1612 1807 6,
1640 1764 1772 1803 9—11;

242 1821 326 1858 Luc.
359 1823 411 1862 11,
439 1823 532 1857 ‘2—:3

291 1904 306 1938 1
337 1904 460 1939 afflatu
489 1905 515 1948 (l
542 1909 636 1950 exp.)
671 1905 703 1939 V
727 1905 857 1940 affectu
891 1906 1091 1941 WOCP2L
1119 1910 1176 1949 (m.
1206 1909 1231 1941 2
1257 1906 1382 1950 affatu)
1432 1906 1453 1940 2
1475 1909 1529 1941 *et
1555 1909 1591 1951 (g
1612 1908 1720 1941 eras.)
1740 1906 1776 1939 P

289 1964 349 2008 qui
377 1965 497 1998 onmia
521 1975 584 2009 per
610 1965 774 2009 uerbum]
803 1965 949 2010 quidam
982 1966 1197 2011 prouerbum
1228 1965 1258 2001 O
1379 1967 1399 2000 3
1426 1966 1605 2000 humanast
1634 1965 1653 1999 ss
1680 1966 1774 2009 (suit

242 2024 345 2066 non)j
374 2034 444 2057 non
472 2024 613 2067 quaerit
639 2027 719 2066 (om.
747 2024 870 2068 uerba)
897 2025 932 2058 P
955 2024 1111 2059 humana
1137 2037 1206 2060 non
1235 2026 1352 2071 querit
1378 2025 1426 2060 Ρι
1524 2026 1544 2059 4
1572 2026 1775 2060 necessaria

241 2084 325 2114 sunt
350 2081 461 2115 uerba
493 2082 522 2115 Ο
631 2093 921 2117 commoueamur
947 2083 980 2117 L
1102 2086 1122 2118 5
1150 2083 1257 2129 quod,
1283 2095 1328 2120 m.
1358 2087 1381 2118 3
1408 2083 1495 2128 quid
1520 2084 1566 2118 P¹
1668 2083 1771 2117 deum

241 2139 507 2174 HOKP¹IVL
623 2140 794 2181 docenda,
824 2154 866 2178 m.
895 2145 920 2176 ί.)
946 2142 1143 2177 docendum
1171 2143 1204 2178 L
1327 2144 1345 2177 7
1373 2143 1451 2188 nos]
1480 2154 1544 2177 nos
1570 2143 1666 2187 ipsos
1693 2143 1772 2177 edd.

234 2204 384 2243 praeter
410 2211 434 2233 α
542 2206 777 2235 ammonem-1*
803 2204 858 2245 (us
885 2210 991 2239 eras.)
1027 2202 1057 2236 V
1081 2213 1324 2237 ammonemur
1354 2203 1383 2238 O
1480 2204 1501 2237 8
1528 2205 1689 2237 sanctum
1718 2205 1774 2235 cst

241 2269 380 2303 semper
408 2259 439 2293 (J
557 2261 577 2294 9
610 2263 665 2295 est
698 2266 780 2295 nom
813 2272 882 2295 non
911 2260 959 2295 Ρ1
993 2265 1048 2295 cst
1082 2261 1177 2307 quod
1203 2273 1272 2296 non
1305 2261 1404 2296 WP2
1428 2261 1538 2307 (quod
1565 2274 1608 2295 m.
1638 2264 1663 2295 2
1691 2261 1772 2302 del.)

244 2318 285 2351 10
312 2318 346 2351 in
375 2318 431 2362 eo]
460 2317 540 2352 ideo
573 2318 652 2353 OM
736 2320 775 2354 11
804 2320 921 2356 nolib:
950 2320 988 2354 F
1010 2320 1175 2355 nolumus
1206 2321 1286 2354 OM
1379 2321 1774 2355 desiderium-ueniat.

240 2386 306 2410 om.
338 2375 368 2409 O
456 2377 498 2410 12
526 2377 601 2419 illu,
628 2389 673 2413 m.
700 2380 718 2411 1
745 2388 835 2413 corr.
863 2378 955 2412 illud
982 2378 1019 2412 F
1041 2379 1142 2414 illum
1176 2379 1208 2412 V
1231 2381 1337 2425 (corr.
1366 2379 1470 2414 illud)
1497 2380 1545 2413 M
1639 2380 1770 2413 excita·

240 2445 317 2467 mur
342 2434 368 2467 I
391 2435 604 2469 excitennus
639 2436 670 2469 V
766 2437 899 2477 ueniet,
927 2448 1018 2472 corr.
1047 2439 1171 2472 ueniat
1204 2438 1237 2471 V
1310 2439 1352 2474 13
1380 2442 1489 2482 atquc
1516 2450 1579 2472 nos
1607 2439 1641 2472 in
1670 2450 1710 2472 eo
1742 2437 1773 2472 Ο

240 2492 317 2526 edd.
420 2495 461 2529 14
489 2496 539 2539 et]
569 2496 620 2530 sic
647 2499 683 2530 et
708 2495 742 2529 L
852 2497 956 2531 nobis
983 2508 1050 2531 om.
1078 2497 1112 2531 L
1222 2498 1280 2542 ab]
1311 2510 1372 2542 pro
1400 2498 1442 2532 ab
1475 2500 1504 2530 (Ι
1606 2498 1646 2530 15
1673 2497 1722 2541 in]
1751 2508 1771 2531 a

246 2551 374 2586 WCP2
399 2564 433 2587 m
556 2555 597 2588 16
625 2554 668 2589 ab
695 2566 763 2590 om.
789 2555 1021 2590 HPKP¹IV
1050 2560 1090 2597 (js.
1121 2568 1153 2590 ιι.
1183 2557 1283 2600 add.)
1311 2557 1345 2591 L
1493 2558 1567 2590 vius
1594 2568 1659 2591 om.
1687 2556 1770 2590 PP¹

242 2611 283 2644 17
311 2610 347 2645 id
372 2612 408 2654 (d
436 2623 478 2646 ea:
503 2623 592 2648 corr.
623 2625 666 2650 m.
695 2617 732 2653 3)
760 2614 809 2649 Ρι
934 2615 975 2650 18
1003 2615 1185 2660 significat
1215 2616 1245 2649 O
1354 2616 1429 2660 ubi]
1457 2619 1494 2649 ut
1527 2618 1556 2647 (Ι
1671 2615 1769 2649 illam

240 2670 492 2705 sufficicntiam
519 2671 600 2706 edd.
676 2673 718 2707 19
745 2674 914 2718 petimus,
941 2685 983 2709 m.
1013 2676 1038 2708 2
1064 2678 1227 2719 petamus
1261 2675 1309 2708 W
1330 2680 1494 2720 petamus
1522 2675 1543 2708 Ι
1623 2686 1642 2708 a
1668 2677 1770 2719 parte

240 2739 310 2772 qua
341 2729 375 2763 L
418 2734 540 2775 aperte
574 2742 677 2776 quae,
715 2743 759 2767 m.
793 2735 818 2766 2
849 2745 869 2767 a
908 2739 1009 2778 parte
1050 2745 1140 2778 quae
1180 2733 1293 2768 WJV
1331 2740 1452 2779 aperte
1492 2745 1583 2778 quae
1622 2733 1773 2768 HPKC

242 2790 435 2832 aperteque
462 2789 509 2822 Ι)1
610 2790 645 2824 id
673 2794 727 2825 est
754 2802 819 2825 om.
851 2791 881 2823 (ἶ
