1952 3118
109 910 142 934 10

109 1264 141 1290 15

109 1620 142 1645 20

110 1974 144 2000 25

693 126 1046 170 epistularum
1081 126 1169 162 CLI.
1609 129 1694 170 385

170 258 217 295 ut
247 257 331 296 tam
367 255 521 296 nefarie
560 258 655 297 tuas
694 255 972 297 ulcisceretur
1016 256 1204 297 iniurias.
1263 256 1438 298 credunt
1482 257 1578 306 ista,
1625 257 1695 309 qui

169 326 376 374 nesciunt,
410 339 491 379 quo
537 326 661 368 modo
708 330 750 367 et
789 327 982 380 quotiens
1023 330 1065 368 et
1108 341 1213 380 quae
1247 328 1366 369 nobis
1402 327 1565 377 dixeris,
1600 341 1695 369 cum

169 396 287 436 anxia
313 409 412 438 cura
438 410 750 450 perageremus,
780 399 839 447 ut,
869 401 1022 451 quanto
1050 398 1128 440 tibi
1161 398 1411 440 familiarius
1438 398 1694 447 inhaerebat,

169 471 322 520 quanto
358 468 408 508 ad
443 481 537 509 eum
572 468 757 510 crebrius
791 469 1045 519 uentitabas,
1081 472 1235 522 quanto
1271 471 1439 523 saepius
1474 483 1570 511 cum
1605 469 1694 511 solo

168 539 500 591 conloquebaris,
531 542 646 581 tanto
687 540 823 594 magis
863 545 1027 582 curaret
1068 540 1421 582 existimationem
1467 544 1600 585 tuam.
1646 554 1695 582 ne

167 610 247 660 his,
282 610 351 662 qui
385 609 447 650 tui
482 601 730 652 dicebantur
761 611 937 661 inimici,
971 613 1101 652 talem
1136 612 1293 652 exitum
1334 611 1465 662 daret,
1505 615 1552 652 ut
1592 611 1694 652 nihil

167 694 260 722 cum
294 681 367 722 illo
401 681 516 721 aliud
550 682 687 735 egisse
720 682 943 736 putareris.
991 682 1102 736 quod
1142 682 1311 736 quidem
1352 695 1426 723 nec
1460 695 1537 736 ego
1572 682 1694 723 credo

166 765 241 793 nec
274 752 315 792 hi
348 754 496 794 fratres
531 753 624 803 inei,
660 753 731 806 qui
764 757 806 794 et
837 754 878 794 in
912 754 1094 807 loquelis
1128 753 1352 795 audierunt
1391 757 1432 795 et
1471 754 1511 794 in
1547 753 1693 794 auditu

167 826 291 876 atque
325 824 437 864 omni
469 826 588 865 motu
621 824 819 865 uiderunt
852 825 973 879 signa
998 825 1168 879 benigni
1195 825 1377 878 pectoris
1404 824 1482 867 tui.
1511 824 1597 874 sed,
1627 824 1696 866 ob-

168 907 283 936 secro
311 898 366 943 te,
401 895 573 949 ignosce
608 895 896 945 cr·edentibus;
924 896 1114 937 homines
1143 897 1250 937 enim
1279 898 1379 938 sunt
1411 899 1452 937 et
1477 896 1518 936 in
1547 895 1695 936 animis

167 965 383 1006 hominum
423 968 563 1007 tantae
601 965 786 1007 latebrae
826 968 925 1007 sunt
971 971 1011 1008 et
1055 966 1161 1008 tanti
1206 979 1413 1015 recessuS,
1459 969 1508 1008 ut
1553 978 1695 1007 omnes

168 1036 394 1089 suspiciosi
428 1050 522 1078 cum
555 1037 704 1079 merito
738 1038 974 1091 culpentur,
1010 1038 1135 1079 etiam
1168 1038 1332 1079 laudari
1365 1037 1620 1078 arbitrentur
1651 1049 1695 1077 se

168 1108 330 1157 debere,
365 1108 477 1161 quod
509 1108 622 1149 cauti
656 1108 752 1150 sint.
785 1121 937 1150 causae
971 1110 1156 1157 stabant3
1199 1109 1249 1150 ab
1282 1122 1364 1151 uno
1398 1121 1557 1158 eorum,
1592 1120 1696 1161 quos

166 1179 297 1220 teneri
329 1179 400 1220 ille
433 1181 602 1232 repente
634 1183 917 1234 praeceperat,
952 1180 1250 1234 grauissimam
1283 1182 1324 1222 te
1356 1193 1529 1234 passum
1562 1179 1695 1220 fuisse

166 1250 360 1291 iniuriam
406 1263 670 1293 noueramus.
716 1252 844 1293 frater
890 1265 1056 1305 quoque
1102 1253 1207 1302 eius,
1259 1252 1299 1293 in
1347 1265 1428 1305 quo
1474 1251 1696 1292 ecclesiam

166 1321 344 1362 maxime
378 1325 626 1375 persecutus
661 1325 738 1365 est.
772 1323 912 1364 nescio
947 1323 1047 1376 quid
1088 1324 1247 1365 duriter
1291 1323 1412 1376 quasi
1457 1337 1529 1378 pro
1570 1323 1694 1363 fratre

166 1393 244 1433 tibi
276 1393 546 1446 respondisse
574 1394 802 1436 dicebatur.
835 1395 1094 1448 putabantur
1120 1395 1198 1436 tibi
1225 1395 1345 1437 ambo
1375 1408 1466 1436 esse
1494 1394 1695 1447 suspecti.

166 1464 370 1517 postulati
397 1476 490 1505 cum
514 1465 713 1516 abissent,
741 1468 782 1507 te
809 1466 898 1507 illic
924 1470 1163 1507 remanente
1185 1470 1227 1508 et
1254 1479 1350 1508 cum
1378 1466 1450 1508 illo
1476 1465 1694 1507 secretius.

168 1537 215 1576 ut
246 1535 469 1585 ferebatur,
503 1536 702 1590 loquente
737 1537 878 1578 subito
917 1538 1025 1579 iussi
1070 1541 1170 1579 sunt
1215 1537 1409 1580 adtineri.
1464 1536 1695 1579 amicitiam

168 1608 352 1647 uestram
403 1620 482 1647 non
534 1610 745 1648 recent-em
798 1608 870 1649 sed
921 1611 1108 1650 ueterem
1160 1608 1352 1650 homines
1401 1608 1694 1661 loquebantur.

165 1678 319 1719 famam
347 1678 620 1719 confirmabat
644 1681 762 1720 tanta
789 1679 1029 1721 coniunctio
1059 1682 1100 1721 et
1131 1683 1218 1720 tam
1246 1679 1416 1721 assidua
1437 1679 1570 1721 solius
1599 1692 1694 1720 cuin

168 1749 255 1790 solo
289 1749 598 1791 sermocinatio.
633 1752 823 1803 potestas
856 1750 971 1792 illius
1005 1764 1158 1806 magna
1188 1754 1290 1792 tunc
1324 1755 1430 1800 erat;
1460 1750 1693 1792 calumniae

167 1819 347 1861 facilitas
381 1820 609 1861 adiacebat.
649 1833 728 1862 non
769 1824 858 1862 erat
903 1821 1056 1876 grande
1103 1822 1319 1877 negotium
1364 1822 1578 1876 procurari
1623 1821 1694 1862 ali-

167 1903 304 1943 quem.
341 1891 412 1944 qui
445 1891 616 1942 diceret,
651 1892 763 1945 quod
797 1893 933 1934 salute
966 1893 1175 1946 promissa
1207 1893 1431 1935 dicendum
1471 1893 1541 1935 ille
1580 1906 1692 1934 man—

169 1962 322 2004 dasset.
356 1963 493 2003 omnia
525 1963 565 2004 in
599 1966 786 2017 tempore
830 1964 914 2005 ista
959 1965 1308 2019 suffragabantur,
1353 1967 1402 2006 ut
1446 1964 1573 2006 etiam
1612 1977 1694 2006 uno

168 2037 275 2075 teste
314 2037 530 2087 tamquam
574 2034 785 2077 inuidioso
832 2040 873 2077 et
917 2036 1108 2077 credibili
1154 2036 1326 2077 crimine
1373 2036 1462 2077 sine
1507 2035 1693 2077 iubentis

169 2104 407 2145 discrimine
442 2106 620 2158 quilibet
654 2106 702 2147 de
737 2107 873 2148 medio
907 2108 1139 2149 tolleretur.

225 2175 313 2217 Nos
347 2176 516 2227 interea,
551 2178 746 2230 quoniam
779 2191 920 2220 rumor
952 2182 1052 2229 erat,
1081 2179 1192 2232 quod
1226 2179 1514 2221 ecclesiastica
1546 2191 1693 2219 manus

219 2374 233 2407 1
263 2374 398 2408 nefarie
425 2375 520 2419 tuas]
549 2375 703 2409 nefarias
738 2375 811 2410 VU
831 2375 910 2410 edel.
1039 2378 1060 2410 5
1088 2377 1361 2421 colloquebatur
1386 2377 1421 2411 P
1541 2376 1693 2414 curaret]

170 2433 362 2467 incurreret
396 2433 431 2468 U
587 2438 674 2478 post
706 2437 805 2469 tuam
832 2435 995 2478 sequitur
1021 2436 1118 2480 quod
1144 2435 1287 2481 quidem
1315 2448 1380 2471 nec
1407 2447 1473 2480 ego
1503 2435 1607 2470 eredo
1634 2436 1696 2470 sed

170 2491 237 2526 del.
269 2491 301 2526 U
373 2494 394 2526 6
422 2493 566 2527 exitium
593 2493 628 2527 P
700 2494 721 2528 8
747 2494 784 2528 hi
811 2506 877 2528 om.
911 2494 983 2529 VU
1005 2494 1084 2531 edel.
1196 2495 1257 2540 qui
1285 2497 1334 2539 etl
1365 2496 1424 2540 qui
1451 2499 1486 2529 te
1522 2494 1591 2529 VU
1614 2494 1692 2529 edd.

218 2553 253 2584 et
279 2551 405 2586 auditu
439 2551 510 2585 Vl'
533 2552 611 2588 edd.
770 2554 791 2587 9
818 2558 906 2587 nutu
940 2552 1011 2587 'VU
1033 2554 1131 2597 edd.‚·
1156 2556 1203 2599 cf.
1223 2566 1261 2599 p.
1292 2557 1381 2591 386,
1412 2557 1455 2588 17
1592 2554 1632 2587 12
1660 2560 1694 2587 et

172 2608 239 2643 iam
271 2609 305 2643 U
372 2611 412 2645 15
441 2611 591 2645 ecclesia
617 2612 652 2645 P
726 2613 768 2646 16
796 2623 858 2657 pro
886 2613 1010 2657 fratre}
1040 2613 1222 2658 proferens
1256 2613 1327 2648 VU
1351 2613 1430 2647 (²ch.
1503 2614 1544 2647 13
1571 2617 1694 2657 postu-

171 2666 250 2713 lati]
275 2670 520 2714 postulatione
547 2671 582 2704 P
678 2671 853 2705 abiissent
878 2683 939 2706 sm
1043 2674 1084 2706 19
1111 2672 1264 2707 detineri
1297 2672 1368 2706 VU
1392 2672 1470 2706 edd.
1568 2671 1613 2705 23
1641 2682 1695 2705 ra-

170 2725 294 2760 diabat
326 2727 396 2762 VU
420 2728 497 2763 edd.
572 2730 617 2763 25
645 2730 713 2763 isto
739 2741 773 2763 m
847 2730 892 2764 20·
920 2716 1103 2776 quoniam]
1133 2732 1215 2776 quia
1247 2731 1281 2765 U

207 2809 376 2836 xxxxmi
397 2812 472 2842 Aug.
494 2817 564 2837 sect.
589 2813 615 2837 11
637 2819 707 2844 pm
727 2815 752 2838 3.
1603 2800 1648 2833 25
