1952 3118
629 209 979 253 epistularum
1017 207 1171 244 CLXIV.
1578 211 1663 253 533

133 340 254 382 tiatio
297 339 546 393 perueniret.
604 339 677 393 qui
721 352 865 381 omnes
915 340 1130 381 habebunt
1180 340 1507 390 excusationem,
1557 351 1664 393 quae

135 411 274 453 ablata
312 411 466 453 dicitur
503 410 578 460 eis,
617 410 772 464 quibus
811 410 1020 455 dominus.
1060 423 1156 453 cum
1196 411 1397 461 uenisset,
1439 411 1537 465 quia
1569 413 1664 452 ante

134 495 214 524 non
247 482 478 532 audierant,
510 482 552 523 in
584 482 744 523 inferno
778 482 931 524 dicitur
956 482 1234 536 praedicasse,
1261 482 1341 525 nisi
1367 483 1475 524 forte
1501 482 1666 524 dicatur

135 553 260 595 etiam
281 553 402 597 istos.
431 553 502 606 qui
521 555 619 607 post
639 553 795 594 domini
816 553 1164 595 resurrectionem
1185 554 1368 596 nondum
1395 554 1477 596 sibi
1510 553 1665 595 adnun-

135 625 239 666 tiato
267 624 486 678 euangelio
518 623 675 666 mortui
708 625 807 665 sunt
840 624 930 665 siue
964 624 1212 674 moriuntur,
1244 624 1332 666 illic
1365 624 1477 679 apud
1507 625 1664 667 inferos

136 694 278 736 audire
318 695 509 748 potuisse
546 695 614 736 uel
653 707 792 748 posse,
832 697 881 736 ut
924 694 1011 736 illic
1051 695 1236 745 credant,
1270 695 1382 748 quod
1420 695 1470 736 de
1510 694 1666 738 Christi

136 766 313 807 ueritate
347 766 599 808 credendum
633 769 710 816 est,
745 769 786 807 et
812 766 993 808 habeant
1026 767 1152 808 etiam
1179 766 1261 820 ipsi
1294 767 1585 809 remissionem
1619 778 1666 808 ac

136 838 332 878 salutem.
361 850 484 891 quam
512 837 575 878 illi
607 840 863 888 meruerunt,
893 837 1046 890 quibus
1074 837 1133 879 ibi
1160 836 1355 880 Christus
1384 838 1665 880 adnuntiauit.

136 919 270 961 neque
303 908 429 960 enim,
455 907 552 960 quia
577 920 726 949 rursus
758 906 947 949 ascendit
973 906 1170 949 Christus
1203 907 1254 948 ab
1287 907 1445 951 inferis.
1480 907 1574 949 ideo
1608 908 1667 949 ibi

137 979 247 1020 fama
287 978 376 1020 eius
417 979 599 1020 extincta
638 981 721 1026 est:
762 990 857 1019 nam
897 981 939 1019 et
976 978 1072 1020 hinc
1112 978 1305 1020 ascendit
1342 979 1383 1020 in
1423 979 1587 1020 caelum
1627 980 1669 1020 et

135 1054 274 1091 tamen
310 1050 400 1091 eius
434 1049 766 1091 adnuntiatione.
802 1049 873 1102 qui
905 1049 945 1090 in
974 1062 1069 1090 eum
1098 1049 1366 1099 crediderint,
1395 1049 1505 1091 salui
1532 1051 1666 1091 erunt.

135 1121 229 1163 ideo
263 1121 418 1174 quippe
451 1121 659 1162 exaltatus
693 1122 758 1161 est
796 1123 838 1161 et
876 1119 1077 1162 donatum
1118 1123 1184 1162 est
1222 1121 1264 1162 ei
1304 1133 1493 1172 nomen,
1537 1120 1666 1174 quod

137 1195 399 1245 estsuper
432 1204 569 1233 omne
602 1204 792 1241 nomen,
830 1194 885 1233 ut
922 1192 968 1233 in
1008 1192 1203 1234 nomine
1237 1192 1328 1235 eius
1362 1205 1501 1234 omne
1540 1204 1665 1248 genu

137 1263 382 1305 flectatur
425 1276 506 1305 non
539 1263 677 1305 solum
726 1264 1026 1306 caelestium
1066 1265 1113 1305 et
1151 1263 1472 1305 terrestrium
1518 1276 1667 1305 uerum

138 1335 265 1376 etiam
328 1334 648 1376 infernorum.
707 1334 781 1376 sed
837 1334 942 1376 hanc
999 1334 1236 1388 opinionem
1294 1334 1330 1376 si
1386 1334 1666 1383 admittimus,

137 1418 219 1460 qua
249 1405 389 1459 putari
421 1408 563 1459 potest
593 1406 798 1458 homines,
837 1406 923 1459 qui,
963 1418 1058 1447 cum
1091 1406 1298 1456 uiuerent,
1332 1406 1505 1447 minime
1538 1405 1667 1446 credi-

139 1477 299 1527 derunt,
345 1489 467 1531 posse
504 1477 545 1518 in
586 1476 800 1519 Christum
846 1477 957 1531 apud
994 1477 1149 1519 inferos
1189 1477 1370 1527 credere,
1416 1476 1510 1531 quis
1547 1476 1667 1527 ferat,

138 1561 242 1602 quae
287 1549 602 1602 consequuntur
644 1548 825 1590 absurda
870 1548 1048 1602 fideique
1094 1549 1323 1590 contraria?
1373 1547 1568 1602 primum,
1615 1559 1666 1588 ne

136 1619 290 1661 frustra
329 1620 468 1661 dolere
506 1619 727 1661 uideamur
765 1632 850 1670 eos,
890 1620 962 1673 qui
1001 1619 1089 1661 sine
1126 1620 1209 1661 ista
1248 1619 1382 1674 gratia
1415 1619 1464 1660 de
1496 1631 1667 1673 corpore

138 1691 336 1740 exierunt,
375 1691 613 1744 frustraque
652 1703 796 1732 curam
836 1703 978 1745 gerere
1017 1693 1143 1744 atque
1175 1691 1380 1732 instanter
1410 1690 1580 1737 hortari,
1620 1691 1669 1731 ut

138 1774 227 1804 eam
260 1762 463 1812 homines,
496 1762 744 1815 priusquam
777 1762 1020 1812 moriantur,
1053 1761 1298 1816 percipiant,
1330 1774 1379 1802 ne
1413 1760 1669 1815 sempiterna

259 1936 301 1969 12
328 1935 421 1970 Phil.
447 1936 481 1976 2,
509 1935 626 1970 9—10

188 2043 202 2076 1
233 2042 311 2086 qui·
332 2044 367 2086 (a
392 2046 498 2076 crass]
526 2042 561 2075 P
654 2041 839 2076 habebant
866 2041 900 2075 P
971 2041 991 2074 2
1020 2041 1163 2075 ablatur
1188 2040 1319 2075 dicitur
1337 2040 1385 2075 Μ
1410 2043 1468 2081 (m.
1495 2041 1521 2074 2
1547 2038 1668 2073 ablata

139 2100 284 2143 dicitur)
311 2100 351 2135 F
469 2101 597 2145 quibus
625 2100 805 2144 dominus]
833 2111 920 2144 quos
948 2100 1112 2134 dominus
1138 2099 1291 2134 redemit
1316 2099 1352 2133 P
1476 2099 1666 2133 euenisset.

139 2173 181 2194 m.
210 2162 236 2195 2
261 2172 339 2195 cum
366 2161 527 2195 uenisset
555 2160 588 2194 G
687 2160 748 2205 qui
774 2159 890 2193 MFA
990 2162 1096 2193 antea
1122 2159 1158 2193 P
1229 2158 1250 2193 3
1277 2158 1468 2193 audierunt
1495 2158 1537 2192 K
1631 2158 1667 2192 in

139 2231 205 2256 om.
232 2220 281 2254 M
374 2220 520 2264 dieitur]
548 2218 618 2254 dici
645 2219 725 2253 dnm
751 2219 788 2253 P
884 2218 1128 2264 praedicasse·
1148 2215 1183 2253 A
1285 2219 1307 2252 4
1333 2218 1413 2252 istis
1439 2218 1475 2252 P
1569 2218 1666 2262 post]

139 2282 221 2314 ante
247 2279 283 2314 P
403 2278 629 2312 annuntiatio
657 2278 691 2311 A
783 2279 804 2310 ι’)
831 2278 884 2312 illi
912 2277 1027 2323 capud
1054 2289 1099 2312 m.
1127 2280 1146 2310 1
1171 2287 1262 2312 corr.
1289 2276 1336 2311 M
1359 2277 1412 2311 illi
1440 2279 1499 2318 (m.
1528 2278 1553 2310 2
1579 2276 1667 2318 illic)

139 2338 232 2383 apud
259 2338 294 2372 P
358 2338 379 2372 6
406 2337 544 2382 audire]
574 2349 638 2372 nec
665 2337 788 2371 audire
815 2337 850 2370 P
961 2337 1122 2381 potuisse
1150 2347 1187 2370 se
1213 2338 1265 2379 (se
1291 2336 1375 2379 del.)
1405 2335 1435 2370 O
1546 2336 1665 2381 posse]

141 2403 220 2442 post
247 2409 283 2431 se
309 2397 357 2432 M
380 2400 410 2440 (t
435 2399 543 2439 eras.)
568 2397 608 2431 F
678 2397 721 2431 de
749 2397 883 2432 Christi
911 2407 976 2430 om,
1007 2396 1049 2430 K
1127 2397 1145 2430 7
1174 2396 1224 2440 etl
1254 2398 1293 2430 ut
1319 2395 1354 2429 P
1424 2394 1607 2429 habebant
1633 2396 1668 2428 A

140 2457 160 2490 8
187 2457 433 2499 adnuntiatur,
460 2469 503 2490 m.
528 2459 552 2490 2
572 2456 856 2490 adnuntiabatur
878 2456 911 2489 G
962 2455 983 2489 9
1009 2466 1140 2490 rursus.
1163 2455 1204 2489 in
1223 2465 1335 2498 marg).
1357 2466 1399 2488 m.
1425 2457 1449 2488 2
1467 2454 1483 2488 i
1501 2458 1602 2488 sursu
1621 2452 1669 2487 M

189 2515 350 2550 Christus
376 2527 442 2551 om.
472 2515 512 2549 K
606 2515 658 2549 ibi
684 2526 750 2549 om.
778 2514 893 2549 MFA
972 2515 1013 2549 10
1039 2514 1184 2549 flamma
1206 2513 1239 2548 G
1310 2514 1348 2547 11
1380 2512 1606 2547 crediderunt
1627 2511 1670 2546 K

188 2576 305 2620 erunt]
334 2578 417 2609 sunt
443 2574 485 2609 K
541 2575 582 2609 13
610 2578 712 2608 omne
739 2576 794 2616 (κ
825 2576 931 2615 eme.)
957 2585 1051 2618 genu
1079 2574 1112 2607 A
1175 2574 1217 2608 15
1245 2572 1366 2617 etiam]
1394 2572 1503 2606 etiam
1530 2573 1567 2606 et
1591 2570 1666 2605 ΚΑ

188 2633 419 2669 admittamus
446 2634 481 2668 P
604 2634 644 2668 18
674 2639 938 2678 consequantur
962 2632 1004 2666 K
1147 2631 1315 2676 absurda]
1343 2630 1498 2665 absurda
1522 2632 1605 2664 sunt
1633 2629 1666 2664 G

187 2693 342 2738 fideique
369 2698 384 2727 s
412 2694 589 2727 contraria
617 2693 652 2726 P
713 2693 754 2726 19
782 2691 904 2726 dolore
929 2691 975 2726 M
1001 2692 1059 2735 (m.
1087 2694 1106 2725 1
1131 2701 1221 2726 corr.
1249 2690 1383 2730 dolere)
1413 2690 1445 2724 A
1543 2687 1665 2723 uidea-

142 2756 198 2786 tur
223 2751 259 2786 P
329 2753 374 2786 20
401 2752 535 2786 frustra
562 2752 774 2796 quieturam,
802 2762 845 2784 m.
876 2753 900 2784 2
925 2750 1127 2795 frustraque
1154 2761 1271 2784 curam
1303 2749 1335 2783 G
1421 2749 1462 2782 21
1492 2748 1550 2792 nc]
1579 2747 1607 2781 si
1636 2747 1670 2780 P

190 2811 409 2855 sempiterna
435 2819 492 2838 (ω
519 2811 628 2854 eras.)
655 2811 687 2843 A
