1924 3122
0 1408 3 1452 }

0 1455 4 1523 ’ἑ

1 1535 6 1572 i

2 1636 7 1660 1

3 1667 6 1684 1

4 1726 7 1783 i

5 1798 10 1854 1

6 1899 11 1920 i

7 1948 14 2043 ἶ

10 2059 14 2107 i

11 2113 15 2166 1

9 2189 17 2283 1

711 247 1060 292 epistularum
1101 247 1203 283 CXL.
1632 252 1711 291 181

186 378 224 419 in
254 379 371 418 utero
398 375 606 418 inehoaui.
639 375 688 417 in
721 380 771 416 te
803 376 1046 418 iactatus
1082 390 1193 418 sum
1227 377 1277 418 ad
1311 379 1351 418 te
1386 377 1550 420 seilicet
1582 381 1714 420 trans-

186 448 288 498 iens,
314 450 450 489 totum
479 459 544 488 me
577 446 653 487 tibi
683 446 966 488 committens,
1000 446 1177 500 ideoque
1211 447 1268 489 de
1302 450 1493 490 uentre
1525 450 1713 491 matris

186 531 339 567 meae,
372 517 414 559 id
447 521 512 559 est
543 517 592 559 cle
624 518 745 559 bonis
779 518 928 568 carnis,
962 531 1085 571 quam
1120 518 1283 572 sumpsi
1316 519 1354 560 in
1389 521 1534 561 uentre
1568 521 1714 562 matris

185 603 316 640 meae,
355 589 484 630 (leus
524 602 670 630 meus
710 602 762 630 es
802 592 871 639 tu,
911 591 959 631 ut
997 589 1046 630 de
1087 590 1153 630 his
1194 595 1239 631 tu
1278 590 1336 631 sis
1369 591 1524 632 bonum
1558 605 1713 634 meum.

142 676 159 701 5
187 674 231 702 ea
257 661 468 702 locutione
502 660 660 702 dietum
695 663 773 710 est,
800 673 847 702 ae
875 661 909 701 si
938 660 1146 702 diceretur
1177 661 1294 702 uerbi
1321 661 1473 715 gratia:
1510 662 1570 704 De
1603 664 1712 705 terra

186 733 347 773 caelum
386 732 544 782 habito,
583 733 660 773 hoc
700 734 763 774 est
802 732 898 773 hine
935 732 1008 773 illo
1043 731 1267 787 emigraui3
1309 735 1350 774 et
1382 733 1465 774 ista
1498 735 1640 775 nostra
1672 734 1712 775 in

186 802 304 843 illum
353 802 666 857 transfiguratio
718 804 795 851 est,
848 802 918 855 qui
969 815 1041 856 per
1091 802 1269 857 gratiam
1319 804 1565 845 testamenti
1616 804 1713 846 noui

185 875 398 914 mutamus
438 873 569 915 uitam
608 875 873 915 transeuntes
914 873 962 914 de
1008 875 1150 915 uetere
1196 873 1246 915 ad
1293 887 1456 915 nouam.
1502 887 1597 916 nam
1641 875 1713 917 ille

187 944 290 985 lianc
326 957 412 985 rem
452 947 711 987 sacramento
751 957 852 986 suae
891 944 1101 998 passionis
1139 945 1542 998 resurrectionisque
1588 946 1714 1000 signi-

128 1031 158 1055 10
183 1015 310 1057 fieans
343 1028 505 1056 earnem
540 1015 724 1057 mutauit
754 1016 804 1057 de
831 1016 1087 1057 mortalitate
1115 1016 1166 1057 ad
1191 1016 1554 1065 inmortalitatem,
1581 1017 1713 1058 uitam

184 1099 281 1127 uero
322 1099 402 1127 non
442 1087 626 1128 mutauit
664 1087 714 1128 de
751 1088 966 1128 uetustate
1003 1087 1042 1127 in
1085 1087 1332 1135 nouitatem,
1373 1087 1443 1139 qui
1483 1100 1712 1141 numquam

184 1157 266 1198 fuit
298 1157 335 1198 in
369 1157 599 1212 impietate,
633 1157 740 1199 unde
773 1158 973 1199 transiret
1005 1157 1054 1199 ad
1089 1158 1301 1212 pietatem.

68 1225 119 1267 31
245 1227 505 1282 Quamquam
546 1241 625 1270 non
666 1228 901 1278 defuerunt,
936 1229 1006 1283 qui
1047 1229 1139 1279 hoe,
1174 1229 1284 1282 quod
1324 1229 1482 1271 dietum
1518 1232 1601 1271 est:
1643 1230 1712 1271 De

185 1302 370 1342 uentre
404 1301 594 1341 matris
627 1313 769 1341 meae
803 1300 931 1341 deus
966 1313 1111 1341 meus
1147 1313 1197 1341 es
1238 1303 1306 1344 tu.
1346 1300 1438 1342 ideo
1480 1300 1530 1342 ad
1569 1301 1710 1355 ipsum

129 1387 159 1413 15
185 1374 311 1425 caput
338 1374 526 1413 nostrum
554 1371 760 1425 pertinere
789 1371 1005 1422 sentirent,
1034 1372 1229 1424 quoniam
1252 1375 1370 1425 pater
1390 1372 1430 1413 in
1458 1374 1622 1413 tantum
1649 1374 1714 1413 est

185 1444 288 1485 deus
322 1444 427 1493 eius,
461 1443 500 1484 in
535 1445 736 1496 quantum
770 1444 894 1485 homo
924 1446 989 1485 est
1016 1443 1053 1484 in
1083 1443 1217 1485 forma
1250 1443 1375 1486 serui.
1402 1456 1480 1484 non
1516 1443 1555 1484 in
1585 1456 1713 1496 quan-

183 1517 275 1556 tum
301 1515 363 1556 illi
398 1515 584 1568 aequalis
618 1517 683 1556 est
706 1515 747 1556 in
776 1514 909 1556 forma
941 1514 1020 1563 dei,
1049 1515 1161 1555 ideo:
1195 1514 1265 1555 De
1299 1517 1487 1556 uentre
1522 1514 1711 1555 matris

185 1599 326 1628 meae
360 1586 488 1627 deus
523 1598 667 1627 meus
703 1598 754 1626 es
788 1588 857 1635 tu,
892 1598 938 1627 ae
973 1586 1008 1627 si
1041 1585 1214 1627 diceret:
1256 1586 1312 1626 Ex
1347 1598 1408 1634 eo,
1443 1585 1553 1639 quod
1586 1585 1711 1626 homo
1769 1604 1774 1612 ·

184 1658 322 1699 factus
357 1671 464 1699 sum.
501 1658 602 1698 deus
636 1669 755 1698 meus
790 1669 834 1698 es
866 1658 927 1698 tu.
962 1657 1036 1698 sed
1070 1656 1168 1710 quid
1204 1659 1285 1698 est:
1321 1656 1390 1697 Tu
1421 1656 1709 1698 extraxisti

125 1745 159 1769 20
186 1742 259 1770 me
299 1729 358 1770 de
396 1732 598 1770 uentre.
634 1729 667 1768 si
709 1727 759 1769 ad
798 1728 938 1781 ipsum
977 1728 1116 1769 Iesum
1158 1728 1207 1768 de
1246 1727 1410 1782 uirgine
1450 1729 1712 1781 procreatum

183 1801 386 1843 refertur?
426 1800 543 1853 quasi
578 1799 681 1840 alios
715 1813 790 1840 non
833 1799 935 1839 «leus
974 1799 1175 1847 extrahat,
1209 1799 1249 1839 in
1290 1799 1411 1840 euius
1449 1797 1714 1851 prouidentia

186 1875 250 1914 est
287 1872 420 1913 omnis
459 1871 558 1912 ordo
597 1871 813 1919 nascendi;
860 1883 908 1911 an
950 1869 1043 1911 inde
1083 1869 1320 1924 significare
1358 1870 1496 1911 uoluit
1535 1869 1712 1923 uirginis

184 1945 349 1998 partum
388 1944 554 1983 seruata
591 1941 849 1995 uirginitatis
889 1940 1131 1991 integritate
1169 1940 1364 1982 mirabili.
1399 1952 1492 1981 cum
1529 1940 1605 1981 ait:
1641 1940 1709 1980 Tu

187 2014 475 2056 extraxisti
510 2026 583 2054 me
618 2012 675 2053 de
709 2014 911 2062 uentre,
940 2014 987 2053 ut
1020 2011 1130 2064 quod
1163 2011 1249 2052 illie
1278 2011 1526 2052 mirabiliter
1551 2011 1709 2052 facturn

126 2101 161 2126 25
188 2088 264 2135 est,
310 2098 403 2126 eum
449 2084 550 2125 deus
596 2084 747 2124 fecisse
792 2083 957 2125 dieitur.
1004 2082 1158 2123 nemini
1203 2082 1446 2123 incredibile
1491 2082 1711 2123 uideatur?

187 2156 284 2209 quid
325 2168 422 2210 ergo
462 2159 526 2197 est
565 2161 605 2196 et
644 2155 767 2195 illud:
810 2153 939 2207 Spes
981 2167 1085 2194 mea
1128 2154 1182 2194 al)
1217 2153 1478 2194 uberibus
1521 2153 1710 2194 matris

307 2297 348 2330 13
375 2295 537 2329 Animos.
566 2293 608 2327 de
636 2293 703 2328 fide
732 2293 746 2327 1
774 2295 819 2327 9⁸2
846 2293 971 2337 ‹Migir
1001 2292 1129 2337 patrol.
1155 2293 1218 2326 lat.
1246 2292 1325 2325 xvl
1356 2304 1386 2336 p.
1407 2293 1487 2332 550,
1513 2294 1664 2335 1.·›—-18)

238 2380 251 2412 1
282 2378 449 2423 inqunaui
478 2377 512 2411 J:
611 2376 670 2421 adl
701 2380 738 2411 at
763 2376 796 2410 L
896 2377 916 2409 3
944 2375 1148 2409 carnalibus
1175 2375 1210 2410 R
1302 2376 1323 2409 4
1350 2387 1476 2412 meam.
1504 2388 1548 2410 m.
1575 2379 1593 2409 l
1619 2387 1710 2410 corr.

186 2450 300 2473 meum
329 2438 359 2471 Ι,
435 2438 456 2469 ἴ»
482 2436 678 2480 locutione}
708 2435 880 2470 uidelicet
907 2436 1045 2469 ratione
1080 2434 1110 2468 Τ
1205 2434 1341 2469 diceret
1370 2435 1442 2469 GT
1527 2435 1545 2468 Τ
1573 2435 1647 2480 qui)
1675 2435 1709 2468 in

187 2510 256 2544 quo
286 2498 317 2533 G
441 2500 461 2526 δ’
489 2496 643 2530 {litamus
670 2495 776 2530 LOR
922 2494 964 2528 (le
998 2495 1111 2528 ueteri
1144 2494 1177 2528 in
1210 2505 1340 2528 nouam
1367 2494 1407 2527 N
1437 2493 1479 2527 ‹le
1516 2496 1640 2528 uentre
1667 2493 1710 2528 ad

187 2568 314 2593 nouam
344 2557 374 2591 G
462 2556 483 2589 9
508 2555 576 2589 hoc
607 2554 639 2588 T
734 2564 804 2588 rem
833 2566 899 2587 nm.
931 2555 962 2587 (ι’
974 2554 1003 2587 Τ
1089 2554 1127 2588 11
1157 2564 1233 2587 1101).
1254 2553 1423 2596 mutauit!
1451 2552 1652 2586 nominauit
1682 2551 1712 2586 O

188 2618 230 2652 17
257 2618 293 2651 in
319 2616 432 2650 forma
460 2615 517 2648 dei
543 2617 598 2649 est
623 2614 703 2648 aad.
774 2615 815 2648 1⁵·
844 2625 881 2648 ex
913 2625 980 2658 quo
1008 2614 1112 2647 homo
1140 2613 1171 2647 Τ
1240 2614 1281 2647 l‘.)
1308 2612 1392 2657 quid
1420 2612 1487 2656 est]
1516 2611 1658 2655 quidem
1682 2612 1712 2646 0

186 2676 231 2711 20
257 2677 302 2721 si]
331 2675 393 2709 sed
423 2674 455 2709 G
484 2678 542 2715 (m.
570 2676 595 2708 2
621 2677 697 2708 seui
725 2673 755 2706 T
827 2674 866 2707 21
899 2673 986 2707 «leus
1013 2682 1082 2706 non
1106 2672 1143 2707 N
1167 2672 1246 2707 edd.
1320 2672 1365 2705 22
1393 2682 1447 2706 an.
1476 2682 1518 2704 m.
1542 2672 1566 2703 :2
1592 2674 1654 2704 aut
1677 2670 1709 2705 G

235 2735 317 2769 inde
343 2746 409 2769 om.
436 2733 478 2768 N
590 2736 729 2778 partum
758 2732 907 2775 uirginis
935 2731 1013 2766 edd.
1124 2731 1291 2775 uirginis]
1322 2730 1512 2773 uirginita*
1563 2730 1622 2769 tis,
1648 2729 1711 2763 sed

187 2795 233 2828 tis
261 2794 327 2829 del.
357 2796 412 2827 (m.
442 2795 467 2827 2
493 2792 525 2835 ?)
551 2795 584 2826 et
611 2790 774 2826 radendo
803 2791 1003 2825 restitutum
1041 2790 1069 2823 T
1135 2790 1179 2824 23
1205 2791 1262 2833 tu}
1292 2789 1351 2834 qni
1383 2788 1454 2821 (1'7'
1513 2789 1558 2822 24
1587 2791 1710 2823 uentre

187 2853 311 2887 matris
337 2863 435 2886 meae
463 2854 501 2885 nt
527 2850 607 2885 edd.
