1952 3118
21 1418 131 1461 V36

133 937 166 962 10

133 1292 166 1318 15

131 1649 164 1673 20

675 153 1023 198 epistularum
1062 152 1234 188 CXLVII.
1632 155 1717 195 309

193 286 411 326 nostram
446 283 679 326 Christus
713 283 972 325 dominus'.
1007 283 1117 336 quod
1152 283 1211 325 ait
1242 282 1322 324 hoc
1353 282 1445 324 1000
1478 282 1718 330 ‘nouimus’,

193 354 423 396 secundum
467 354 590 395 fidem
638 353 752 405 dixit,
795 367 900 407 quae
945 367 1053 396 nunc
1098 357 1176 397 est.
1221 366 1300 395 non
1346 353 1576 395 secundum
1622 366 1717 395 con-

192 425 522 479 templationem,
557 438 662 479 quae
695 428 796 466 tunc
823 426 914 475 erit,
947 425 1044 479 quia
1074 428 1116 467 et
1141 425 1246 468 illud
1272 425 1482 476 nouimus,
1517 425 1718 478 quicquid

192 496 293 538 fide
338 508 428 537 non
473 496 598 537 ficta
631 495 797 537 etiamsi
829 495 1011 537 nondum
1044 508 1118 550 per
1149 496 1331 549 speciem
1365 495 1602 538 contuendo
1634 495 1716 536 iam

191 571 329 608 tamen
368 567 617 609 inconcusse
655 566 860 608 credendo
897 567 1141 610 retinemus,
1187 567 1365 619 denique
1410 579 1505 608 011111
1545 567 1719 608 dixisset

191 639 273 679 iam
306 652 385 680 non
413 651 456 680 se
484 638 714 680 secundum
749 650 911 679 carnem
947 637 1163 680 Christum
1190 650 1327 685 nosse,
1362 638 1472 679 sicut
1498 638 1717 692 apostolus

192 710 262 759 ait,
301 712 343 751 et
385 709 619 751 addidisset
662 709 951 751 testimonium
991 709 1040 750 de
1084 709 1289 763 propheta
1333 709 1560 762 ‘spiritus
1606 709 1715 751 enim

192 784 303 822 ante
336 780 512 822 faciem
554 782 773 822 nostram
816 779 1051 822 Christus
1091 779 1348 829 dominus‘,
1389 780 1587 821 continuo
1621 780 1718 821 sub-

191 852 308 894 iecit:
348 851 444 903 ‘Qui
477 864 552 893 nos
584 851 624 893 in
666 863 831 893 omnem
870 851 1173 905 plenitudinem
1214 851 1280 892 dei
1318 851 1603 893 misericordia
1642 864 1718 892 sua

190 923 364 977 implere
397 922 606 977 dignetur,
639 924 687 963 ut
719 922 852 963 uideri
890 922 1027 975 possit
1058 935 1081 963 a
1113 922 1260 964 nobis’.
1297 925 1408 964 certe
1445 923 1717 963 manifestum

193 996 270 1036 est.
299 993 410 1047 quod
435 993 551 1034 illam
579 993 788 1043 notitiam,
821 993 894 1034 ubi
922 993 1081 1035 dixerat
1110 994 1350 1042 ‘nouimus',
1384 1006 1429 1034 ex
1456 993 1535 1034 fide
1561 993 1717 1047 posuit,

191 1077 238 1106 ex
271 1078 353 1118 qua
384 1064 507 1106 modo
540 1064 680 1106 iustus
712 1064 837 1114 uiuit,
868 1077 949 1106 non
983 1077 1030 1105 ex
1069 1064 1436 1118 contemplatione,
1475 1076 1555 1117 qua
1594 1063 1717 1105 deum

192 1136 489 1185 uidebimus,
519 1135 674 1177 sicuti
701 1138 792 1177 est.
821 1135 927 1177 hanc
954 1135 1063 1177 enirn
1091 1135 1173 1178 sibi
1200 1138 1242 1177 et
1265 1135 1386 1177 nobis
1413 1137 1719 1188 consequenter

191 1207 355 1261 optauit
391 1207 660 1260 futuramque
699 1206 958 1261 significauit
994 1206 1192 1248 dicendo:
1230 1205 1327 1257 ‘Qui
1363 1219 1438 1247 nos
1469 1206 1510 1246 in
1551 1219 1715 1247 omnem

191 1277 496 1331 plenitudinem
529 1277 595 1318 dei
627 1277 916 1319 misericordia
948 1290 1024 1319 sua
1055 1277 1229 1331 implere
1265 1277 1473 1332 dignetur.
1506 1280 1554 1318 ut
1585 1276 1718 1318 uideri

191 1349 325 1402 possit
357 1361 380 1389 a
411 1348 561 1389 nobis'.

249 1420 368 1461 Hanc
411 1420 719 1472 plenitudinem
771 1419 837 1461 dei
889 1419 1059 1473 quidam
1104 1420 1143 1461 in
1191 1432 1380 1462 sermone
1431 1419 1612 1473 apostoli
1657 1419 1717 1460 sic

190 1490 499 1533 intellexerunt.
533 1494 580 1531 ut
612 1492 810 1544 putarent
843 1503 917 1532 nos
949 1491 1029 1532 hoc
1062 1491 1227 1533 futuros
1261 1491 1443 1539 omnino,
1477 1490 1587 1543 quod
1615 1490 1717 1531 deus

192 1567 268 1603 est.
301 1561 404 1603 11300
437 1562 547 1602 0111111
581 1562 721 1611 uerba,
756 1561 869 1603 sicut
905 1562 1188 1617 recognoscis,
1222 1562 1439 1616 apostolus
1478 1561 1622 1615 posuit
1660 1561 1718 1602 ita

189 1632 384 1686 loquens:
426 1631 737 1686 Cognoscere
778 1633 926 1674 etiam
973 1633 1424 1687 supereminentem
1471 1632 1716 1674 scientiae

191 1704 453 1745 caritatem
500 1704 704 1753 Christi,
744 1706 799 1745 ut
837 1704 1148 1757 impleamini
1187 1704 1233 1745 in
1273 1716 1459 1746 omnem
1504 1703 1717 1757 plenitu-

191 1775 349 1816 dinem
384 1775 472 1816 dei.
506 1777 758 1828 quapropter
784 1775 818 1816 si
846 1775 1017 1828 aliquid,
1052 1775 1260 1829 inquiunt,
1293 1775 1432 1817 minus
1461 1788 1585 1829 quam
1613 1774 1715 1816 deus

189 1845 436 1888 habebimus
463 1848 506 1888 et
530 1846 570 1887 in
599 1846 739 1899 aliquo
767 1846 948 1888 minores
976 1847 1145 1897 erimus,
1180 1859 1261 1900 quo
1294 1846 1420 1888 modo
1446 1846 1718 1899 implebimur

189 1917 229 1958 in
252 1930 415 1959 omnem
437 1917 742 1971 plenitudinem
765 1917 858 1958 dei?
887 1917 973 1966 sed,
1001 1918 1195 1971 quoniam
1218 1917 1502 1971 implebimur.
1529 1917 1715 1971 profecto

191 1988 345 2030 erimus
378 1989 585 2042 aequales.
618 1988 824 2030 auersaris
856 1988 988 2030 istum
1021 1989 1168 2042 utique
1195 1991 1236 2030 et
1262 1989 1485 2031 detestaris
1511 1988 1716 2029 humanae

188 2059 340 2101 mentis
374 2072 566 2107 errorem,
600 2060 707 2105 scio:
747 2062 859 2101 recte
898 2060 1016 2101 facis.
1050 2060 1124 2101 sed
1157 2073 1238 2114 quo
1272 2060 1395 2102 modo
1434 2059 1716 2114 intellegenda

305 2201 326 2233 4
353 2198 370 2233 1
397 2199 487 2233 Tim.
516 2199 545 2238 1,
573 2201 593 2232 :J
681 2199 813 2238 7-10;
846 2199 983 2232 14—16
1010 2215 1054 2227 z
1081 2210 1114 2243 p.
1141 2198 1222 2239 292,
1249 2199 1342 2232 3-5
1430 2198 1472 2232 12
1499 2198 1590 2232 nab.
1617 2198 1650 2237 2,
1676 2198 1713 2232 4;

189 2258 288 2292 Rom.
317 2258 347 2298 1,
376 2258 435 2300 1τ;
464 2257 543 2294 Gal.
569 2259 602 2302 3,
631 2258 690 2298 11;
719 2258 825 2292 Hebr.
857 2258 911 2302 10,
937 2258 982 2293 38
1051 2258 1094 2292 12
1120 2258 1137 2292 1
1163 2257 1239 2292 Ioh.
1266 2259 1298 2301 3,
1326 2258 1347 2292 2
1421 2259 1466 2292 20
1492 2257 1585 2302 Eph.
1611 2259 1644 2300 3,
1674 2258 1715 2290 19

235 2342 256 2374 4
288 2351 350 2385 per
381 2341 552 2385 speciem]
583 2351 646 2385 per
678 2340 798 2385 spicue
836 2339 866 2374 O
898 2340 1083 2385 perspicue
1122 2339 1187 2373 TL
1331 2339 1572 2374 contuendum
1618 2339 1714 2373 TOI,

188 2401 208 2433 5
236 2400 434 2434 inconcussi
466 2399 564 2434 TOL
638 2401 658 2433 6
685 2410 722 2433 se
748 2410 815 2433 om.
843 2398 1138 2443 IIMFAPflr
1162 2410 1227 2433 nos
1253 2398 1287 2433 L
1389 2409 1494 2433 nosse
1521 2397 1713 2432 secundum

188 2468 327 2492 carnem
354 2458 526 2492 christum
557 2457 657 2491 ToL
754 2457 847 2491 sicut
873 2458 914 2491 in
933 2457 1012 2501 fine
1036 2469 1072 2491 u.
1099 2469 1166 2492 om.
1194 2459 1227 2492 A
1333 2458 1428 2492 sicut
1453 2457 1638 2502 apostolus
1665 2458 1714 2490 ait

188 2527 266 2556 om..
291 2517 332 2551 in
356 2528 468 2561 mara.
495 2517 554 2562 (m.
582 2520 600 2550 1
626 2516 680 2559 2⁹)
714 2517 800 2551 add.
834 2517 865 2551 Τ
1008 2517 1026 2550 7
1061 2517 1221 2552 addisset
1248 2517 1290 2551 H
1431 2518 1451 2551 8
1479 2520 1561 2551 ante
1588 2527 1655 2551 om.
1684 2516 1713 2549 1,

191 2575 233 2609 14
259 2576 489 2621 futurumque
515 2576 558 2610 H
675 2576 720 2610 22
747 2576 915 2620 inquiunt
942 2576 969 2609 si
998 2576 1134 2621 aliquid
1161 2576 1249 2611 edd„
1357 2576 1401 2610 23
1428 2575 1655 2620 implebimus
1686 2577 1715 2606 ()

188 2634 233 2668 24
259 2627 316 2679 (1111
342 2638 378 2680 (q
405 2646 448 2669 ex
472 2646 563 2670 corr.
589 2646 634 2669 m.
662 2638 692 2676 1)
726 2637 755 2667 (Ι
851 2635 1041 2680 implemur
1072 2635 1104 2668 T
1185 2636 1230 2670 25
1258 2636 1450 2670 a-uersaris
1477 2634 1513 2677 (d
1539 2636 1644 2674 eras.)
1670 2634 1715 2668 M

236 2694 359 2738 utique
386 2694 492 2728 istum
526 2694 672 2728 TOML
794 2695 837 2727 26
865 2695 977 2728 nscio
1004 2694 1037 2728 L
1073 2710 1077 2717 τ
1181 2695 1292 2739 recte]
1321 2699 1353 2728 et
1381 2697 1476 2728 recte
1510 2693 1608 2727 ToL
1635 2693 1713 2727 edd.

186 2756 332 2797 praeter
357 2765 378 2787 (ι
