1952 3118
95 969 127 994 10

649 182 1002 227 epistularum
1040 181 1195 217 CLXVI.
1601 186 1686 226 559

153 312 277 353 multi
298 325 322 353 a
342 324 408 353 me
435 311 626 365 flagitant
653 311 797 364 eisque
826 325 890 353 me
918 312 1030 353 sicut
1055 312 1137 353 alia
1164 312 1297 354 multa
1324 315 1366 354 et
1390 312 1469 354 hoc
1496 313 1685 367 ignorare

154 383 364 424 confiteor.
412 386 453 424 et
495 382 688 432 fortasse,
733 382 927 435 quamuis
971 383 1012 423 in
1059 396 1104 424 os
1149 396 1290 424 meum
1336 383 1685 434 uerecundentur,

152 455 293 494 tamen
321 453 431 507 apud
458 466 503 494 se
531 453 693 495 dicunt:
727 453 796 494 Tu
824 466 873 495 es
900 454 1145 508 magister
1175 455 1221 495 in
1257 455 1451 496 Israhel
1485 457 1532 496 et
1564 455 1686 496 haec

153 524 377 578 ignoras!
417 523 528 577 quod
563 524 733 577 quidem
766 524 960 565 dominus
995 524 1031 566 ei
1065 524 1181 575 dixit,
1223 525 1294 578 qui
1334 528 1423 566 erat
1454 538 1562 566 unus
1595 525 1685 567 illo-

152 607 259 644 rum,
311 607 416 647 quos
462 595 701 636 delectabat
745 595 887 636 uocari
930 596 1062 646 rabbi,
1112 596 1221 637 unde
1273 596 1397 637 etiam
1444 596 1495 638 ad
1539 609 1685 637 uerum

151 666 403 720 magistrum
441 668 561 707 nocte
599 668 783 715 uenerat,
825 666 921 719 quia
959 666 1152 708 fortassis
1191 667 1467 708 erubescebat
1510 667 1685 716 discere,

154 737 225 789 qui
263 736 410 778 docere
449 739 741 778 consueuerat.
781 749 848 778 me
887 739 1026 778 autem
1069 737 1319 791 magistrum
1360 738 1502 791 potius
1543 737 1685 778 audire

153 820 277 860 quam
329 808 449 849 uelut
497 808 749 862 magistrum
799 808 981 850 delectat
1031 808 1181 849 audiri.
1231 808 1369 850 recolo
1415 809 1537 858 enim,
1585 808 1686 861 quid

154 877 303 919 dixerit
347 878 421 927 eis,
472 892 577 932 quos
621 892 718 933 prae
764 880 913 921 ceteris
959 879 1107 933 elegit:
1157 879 1255 920 Vos
1308 882 1484 928 autem,
1535 879 1685 932 inquit,

154 949 310 991 nolite
363 950 534 991 uocari
586 950 642 991 ab
696 950 983 992 hominibus
1034 950 1196 999 rabbi3
1250 963 1376 991 unus
1429 952 1507 992 est
1558 950 1685 991 enim

153 1020 398 1074 magister
430 1023 601 1062 uester
634 1020 884 1063 Christus.
919 1034 994 1063 nec
1027 1021 1136 1063 alius
1171 1021 1318 1063 docuit
1350 1021 1525 1074 Moysen
1560 1020 1686 1061 etiam

153 1103 226 1144 per
250 1091 394 1132 Iothor
426 1103 499 1132 nec
532 1091 641 1133 alius
670 1091 911 1133 Cornelium
945 1093 1072 1134 etiam
1099 1105 1172 1147 per
1196 1092 1376 1145 priorem
1403 1091 1577 1132 Petrum
1610 1103 1684 1132 nec

272 1219 292 1251 3
318 1217 394 1251 Ioh.
423 1218 455 1261 3,
486 1217 528 1252 10
639 1219 660 1252 5
687 1217 762 1252 Ioh.
793 1219 825 1261 3,
856 1218 945 1252 1-2
1058 1220 1078 1253 9
1104 1218 1236 1252 Matth.
1263 1218 1321 1259 23,
1348 1218 1369 1252 8
1470 1219 1508 1252 11
1540 1218 1601 1252 Ex.
1631 1219 1685 1259 18,

157 1276 294 1312 14—23
396 1277 438 1311 12
465 1278 543 1312 Act.
574 1277 628 1318 10,
655 1277 796 1312 25—48

204 1359 219 1392 1
248 1359 353 1394 multi
380 1371 400 1393 a
424 1370 480 1394 me
514 1360 555 1394 in
585 1371 656 1394 ras.
691 1371 734 1394 m.
767 1364 808 1394 ut
832 1360 909 1394 uid.
936 1363 966 1404 1,
993 1359 1056 1394 sed
1080 1371 1136 1394 me
1162 1370 1190 1394 s.
1217 1371 1252 1394 u.
1282 1359 1324 1393 K
1345 1359 1430 1394 mali
1458 1362 1495 1394 et
1520 1371 1540 1393 a
1569 1370 1622 1393 me
1656 1359 1691 1393 V

153 1419 237 1453 mali
265 1419 374 1453 etiam
401 1431 456 1453 me
486 1419 517 1454 G
649 1420 817 1463 flagitant
846 1421 891 1461 (it
916 1420 1025 1464 eras.)
1053 1420 1087 1453 1)
1208 1419 1378 1463 flagitant
1403 1419 1525 1463 eisque
1551 1419 1617 1462 (eis
1644 1429 1687 1453 ex

152 1489 226 1513 ras.
260 1482 292 1513 et
323 1489 413 1512 corr.
447 1490 491 1512 m.
527 1481 568 1520 2,·
600 1490 716 1522 supra
748 1490 791 1512 m.
821 1481 846 1512 2
870 1479 886 1512 i‘
920 1479 1070 1522 quib.q)
1096 1478 1139 1511 Κ
1167 1478 1356 1522 flagitante
1390 1478 1491 1522 isque
1525 1477 1556 1509 V
1579 1477 1682 1522 flagi-

151 1541 232 1572 tant
258 1538 385 1583 hisque
417 1538 447 1572 C
470 1538 637 1583 flagitant
665 1550 742 1573 esse
770 1549 837 1582 que
866 1540 958 1582 (esse
985 1539 1092 1581 eras.)
1119 1538 1145 1571 I
1239 1538 1333 1572 sicut
1359 1538 1444 1582 alia]
1473 1538 1502 1571 si
1527 1540 1567 1571 tu
1594 1537 1683 1571 talia

157 1597 192 1631 V
261 1598 281 1631 2
309 1602 344 1631 et
371 1598 431 1642 qui
459 1599 611 1631 fortasse
638 1609 756 1642 quam,
782 1609 828 1631 m.
850 1600 875 1631 2
901 1601 936 1631 et
963 1597 1116 1631 fortasse
1144 1608 1358 1642 quamquam
1386 1596 1415 1631 S
1511 1607 1680 1630 uerecun-

152 1656 256 1690 detur
281 1657 317 1691 B
341 1659 399 1699 (m.
427 1659 453 1691 2
479 1657 780 1692 uerecundentur)
812 1657 846 1691 V
915 1659 936 1690 :3
964 1657 1052 1691 dicit
1079 1656 1121 1691 K
1142 1660 1202 1701 (m.
1230 1659 1255 1691 2
1282 1656 1420 1699 dicunt)
1452 1656 1485 1689 V
1578 1656 1614 1689 in
1640 1656 1682 1690 in

145 1715 225 1760 fine
248 1727 283 1750 u.
311 1728 378 1751 om.
405 1716 454 1750 M
612 1716 699 1751 haec
726 1728 791 1751 om.
819 1717 846 1750 I
1006 1717 1150 1760 ignoras
1177 1716 1244 1750 hoc
1271 1718 1328 1759 (m.
1357 1719 1375 1749 1
1400 1726 1491 1750 corr.
1518 1715 1620 1758 haee)
1647 1715 1683 1749 P

151 1776 173 1809 4
200 1774 344 1820 quidam
378 1775 443 1809 VC
468 1775 590 1820 quidm
618 1776 660 1809 K
755 1777 786 1810 ei
815 1776 980 1810 dominus
1007 1775 1082 1810 RG
1199 1775 1288 1809 dixit
1315 1775 1347 1809 ei
1373 1775 1407 1808 Α
1506 1776 1537 1809 ei
1565 1786 1632 1809 om.
1659 1774 1685 1808 I

198 1834 328 1869 dixerit
353 1834 468 1870 KVR
502 1835 640 1870 dixerat
669 1836 699 1870 C
842 1836 919 1880 qui*
951 1836 1090 1879 (fuitne
1121 1847 1141 1869 a
1174 1835 1206 1877 ,9)
1243 1835 1276 1869 G
1310 1846 1389 1879 qua,
1423 1846 1468 1868 m.
1503 1836 1528 1867 2
1560 1833 1620 1878 qui
1646 1833 1682 1867 B

199 1905 288 1928 unus
315 1895 457 1929 illorum
485 1898 562 1929 erat
590 1895 623 1929 G
722 1906 843 1928 eorum
870 1894 956 1928 PP3
1029 1897 1049 1929 5
1077 1895 1150 1939 qui,
1175 1906 1219 1930 m.
1249 1896 1275 1928 2
1300 1905 1388 1938 quos
1416 1893 1451 1928 R
1525 1894 1545 1927 6
1574 1904 1680 1927 uene-

151 1956 207 1988 rat
232 1956 338 1988 nocte
365 1954 394 1989 S
489 1955 859 1999 quia—consueuerat
885 1965 952 1989 om.
980 1954 1065 1988 PP8
1163 1965 1241 1998 que,
1267 1965 1312 1987 m.
1341 1955 1367 1987 2
1392 1953 1476 1997 quia
1502 1952 1536 1985 B
1609 1951 1680 1985 for-

150 2016 246 2047 tasse
272 2013 315 2046 K
386 2014 405 2048 7
434 2013 480 2059 qd
505 2014 554 2047 M
648 2016 840 2048 consuerat
864 2012 913 2047 Ρ1
940 2022 997 2050 (m.
1026 2016 1044 2046 1
1070 2023 1160 2048 corr.
1189 2014 1440 2055 consueuerat)
1466 2011 1513 2045 M
1537 2011 1595 2055 (m.
1623 2013 1642 2043 1
1662 2009 1682 2043 .9

152 2083 242 2107 corr.
270 2076 520 2115 consueuerat)
668 2084 746 2106 niae
773 2072 808 2106 B
838 2083 919 2106 mea
944 2075 978 2109 (a
1005 2075 1112 2114 eras.)
1141 2072 1170 2106 S
1314 2071 1434 2115 potius
1467 2070 1678 2113 magistrum

151 2130 330 2166 KVSRU
354 2132 432 2167 edd.
556 2135 576 2165 δ’
604 2132 694 2166 uelit
720 2132 760 2166 H
858 2131 982 2165 audire
1013 2131 1053 2164 Η
1147 2130 1241 2176 quod
1269 2131 1304 2164 B
1426 2130 1446 2163 9
1474 2129 1524 2163 eis
1552 2140 1618 2163 om.
1647 2128 1680 2161 I}

198 2191 374 2235 pr&&e1is
402 2191 443 2225 K
537 2203 620 2236 prae
646 2191 686 2225 in
705 2191 785 2235 fine
810 2203 843 2224 u.
872 2202 939 2225 om.
967 2191 1002 2224 A
1101 2195 1261 2224 caeteros
1288 2188 1376 2223 BP³
1472 2188 1615 2232 eligerit
1645 2187 1684 2220 H

152 2250 276 2294 elegis
302 2250 352 2284 P1
379 2250 517 2294 eligens
545 2251 569 2283 J
695 2254 812 2284 autem
841 2261 908 2284 om.
936 2248 1119 2284 P¹MAP²
1242 2249 1283 2283 10
1312 2248 1353 2282 ab
1380 2248 1585 2281 hominibus
1611 2258 1678 2282 om.

150 2309 415 2344 PKVSRGP³
439 2320 505 2344 sec.
530 2320 622 2345 sacr.
651 2310 718 2344 litt,
794 2310 887 2343 enini
915 2319 982 2344 om.
1010 2309 1036 2342 I
1113 2309 1151 2342 ll
1181 2308 1272 2342 alius
1299 2314 1329 2350 (s
1356 2318 1398 2341 eac
1424 2317 1513 2341 corr.
1532 2306 1679 2349 ;suitne

152 2367 173 2401 d
201 2367 233 2412 ?)
250 2368 286 2402 R
397 2380 547 2413 moyseS.
576 2380 618 2402 m.
641 2371 666 2401 2
691 2379 834 2412 moysen
856 2367 886 2402 S
909 2371 972 2401 aut
998 2378 1144 2411 moysen
1164 2367 1205 2400 H
1317 2366 1424 2399 etiam
1446 2377 1513 2399 om.
1536 2363 1680 2397 KVSR

154 2428 195 2462 12
217 2439 278 2473 per
303 2428 424 2462 iothor
450 2427 479 2462 S
509 2440 566 2463 tm.
595 2430 620 2461 2
645 2439 708 2472 per
734 2426 866 2470 iethro)
889 2428 932 2461 M
957 2438 1015 2463 (m.
1038 2428 1063 2459 2
1089 2437 1151 2469 per
1178 2426 1308 2459 ietron»
1331 2425 1354 2458 I
1376 2428 1497 2468 (postr
1537 2424 1558 2456 l.
1586 2434 1677 2456 eras,

151 2497 242 2521 corr.
270 2499 331 2532 per
361 2487 493 2529 iethro)
520 2498 616 2531 pera·
643 2487 786 2529 (fuitne
812 2486 846 2519 in
870 2488 901 2519 1²!
931 2485 1047 2519 iethro
1070 2485 1105 2518 P
1130 2496 1191 2529 per
1218 2485 1308 2518 ietro
1336 2488 1417 2525 (stuc
1444 2482 1575 2517 iri-thro)
1600 2480 1682 2514 IIK

150 2546 204 2590 (in
229 2557 302 2580 ras.
329 2558 373 2580 m.
401 2551 440 2580 uc
466 2546 542 2580 uid.
570 2546 608 2589 2)
638 2544 738 2580 ΡῖΡῑἲ
776 2545 853 2579 edd.
893 2556 959 2580 see.
1006 2544 1108 2588 Vuly.
1149 2555 1211 2588 per
1250 2543 1364 2577 ist-hor
1408 2542 1438 2575 V
1470 2554 1530 2585 per
1569 2542 1676 2574 istum

150 2605 186 2640 R
217 2616 279 2650 per
309 2605 453 2639 hereum
485 2606 531 2645 (J;
558 2606 593 2638 in
626 2605 658 2639 G
688 2616 758 2649 pro
792 2615 854 2648 per
887 2603 1010 2637 Iothor
1043 2603 1203 2646 spatium
1237 2602 1400 2635 relictum
1427 2604 1516 2637 erac,
1545 2600 1677 2643 inquo

150 2675 194 2698 m.
221 2667 246 2698 2
272 2676 335 2709 per
359 2665 474 2698 iethm
500 2664 644 2707 scripsit
768 2674 832 2696 nec
858 2662 951 2696 alius
978 2662 1043 2704 bis,
1070 2661 1223 2695 alterum
1252 2671 1344 2695 eras.
1371 2660 1387 2692 1
1511 2670 1572 2702 per
1597 2669 1677 2699 om„

150 2734 194 2758 m.
220 2727 261 2757 ut
286 2723 364 2758 uid.
391 2726 415 2757 2
442 2723 527 2756 add.
555 2723 596 2756 Κ
739 2723 879 2756 riorem.
905 2732 949 2754 m.
977 2723 1002 2755 2
1028 2720 1178 2765 priorem
1208 2720 1237 2753 S
1278 2719 1495 2763 propriorem
1523 2717 1569 2750 1²¹
1597 2728 1675 2761 pro-

152 2783 301 2827 pniorem
328 2782 373 2816 M
469 2794 534 2816 nec
562 2782 651 2815 alius
679 2783 823 2816 Petrum
852 2791 919 2814 om.
948 2780 982 2813 B
