1952 3118
664 160 1018 205 epistularum
1051 159 1225 196 CXLVII.
1621 164 1703 205 321

182 302 262 331 non
290 301 440 342 corpus
467 301 560 330 esse
587 289 661 331 sed
688 289 903 342 spiritum;
938 290 1205 343 peruenimus
1233 291 1373 333 etiam.
1401 294 1449 332 ut
1475 292 1710 335 credamus,

184 359 295 413 quod
334 360 475 401 deum
514 372 650 401 nemo
688 359 820 401 uidit
858 373 1088 413 umquam
1124 364 1166 403 et
1198 361 1310 415 quod
1351 361 1470 404 deus
1512 362 1594 404 lux
1634 367 1708 405 est

184 434 232 472 et
269 431 502 473 tenebrae
546 431 591 472 in
638 443 691 472 eo
736 443 827 473 non
874 434 991 472 sunt
1036 431 1169 473 ullae
1209 436 1252 473 et
1290 433 1402 486 quod
1440 433 1568 487 apud
1613 446 1706 475 eum

185 515 274 544 non
308 503 385 543 est
417 501 741 544 commutatio
776 514 862 543 nec
894 503 1132 545 momenti
1172 503 1488 546 obumbratio
1523 506 1565 545 et
1597 504 1709 558 quod

137 587 153 612 5
183 574 344 614 lucem
383 573 581 614 habitat
618 572 1042 621 inaccessibilem,
1089 586 1231 627 quem
1276 587 1414 617 nemo
1459 575 1709 617 hominum

127 943 159 967 10

183 643 315 686 uidit
346 656 432 685 nec
464 643 635 685 uidere
668 645 851 697 potest,
887 646 928 685 et
960 644 1071 697 quod
1103 647 1222 698 pater
1253 650 1294 686 et
1327 645 1440 687 filius
1468 648 1510 687 et
1535 646 1710 700 spiritus

184 717 353 756 sanctus
397 727 505 755 unus
551 714 654 756 (leus
698 716 763 755 est
807 714 895 756 sine
941 714 1028 756 ulla
1071 714 1318 757 diuersitate
1364 718 1405 757 et
1449 717 1711 769 separatione

184 788 355 828 naturae
383 788 424 827 et
454 785 567 839 quod
599 785 746 827 mundi
779 785 900 827 corde
934 798 1030 827 eum
1062 786 1270 827 uidebunt
1301 789 1344 828 et
1375 787 1486 841 quod
1519 787 1711 829 similes

185 857 225 898 ei
255 856 453 904 erimus,
487 856 718 910 quoniam
745 856 1032 898 uidebimus
1061 869 1182 907 eum,
1217 857 1371 899 sicuti
1406 860 1495 907 est,
1530 861 1570 899 et
1598 858 1710 912 quod

187 928 306 969 deus
359 927 545 969 caritas
597 929 674 969 est
724 930 784 976 et,
829 927 912 981 qui
963 930 1127 969 manet
1170 928 1216 969 in
1261 928 1486 979 caritate,
1531 929 1577 970 in
1625 928 1710 970 deo

186 1001 350 1040 manet
383 1001 429 1040 et
468 998 587 1040 deus
621 998 667 1039 in
700 998 790 1039 illo
829 1001 993 1040 manet
1025 1001 1067 1041 et
1099 998 1211 1052 quod
1248 1012 1416 1052 pacem
1452 1002 1500 1042 et
1532 1001 1712 1042 sancti-

186 1069 476 1111 ficationem
535 1069 685 1111 sectari
743 1068 958 1121 debemus,
1016 1069 1122 1111 sine
1180 1082 1273 1123 qua
1329 1083 1468 1112 nemo
1523 1071 1714 1124 poterit

188 1140 358 1181 uidere
386 1140 543 1189 deum,
566 1142 607 1181 et
629 1139 741 1193 quod
762 1140 1097 1193 corruptibile
1124 1140 1214 1182 hoc
1242 1153 1294 1182 ac
1321 1142 1531 1183 mortale
1558 1154 1712 1196 corpus

186 1213 375 1253 nostrum
417 1211 457 1252 in
495 1211 799 1253 resurrectione
832 1211 1162 1253 commutabitur
1201 1214 1242 1253 et
1279 1211 1426 1254 induet
1462 1213 1714 1268 incorrup-

147 1298 162 1323 ε.
188 1282 374 1324 tionem
409 1285 557 1335 atque
583 1281 1003 1323 inmortalitatem
1039 1284 1081 1324 et
1106 1282 1205 1336 quia
1231 1282 1509 1325 seminatur
1535 1296 1714 1338 corpus

190 1353 419 1403 animale,
452 1356 687 1408 resurget
719 1365 901 1406 corpus
935 1353 1169 1407 spiritale
1195 1353 1519 1408 transfigurante
1547 1354 1714 1397 domino

190 1437 368 1479 corpus
414 1424 725 1465 humilitatis
770 1426 986 1474 nostrae,
1032 1426 1086 1465 ut
1130 1424 1382 1466 conforme
1422 1425 1579 1466 faciat
1618 1438 1714 1467 cor-

190 1495 296 1548 pori
342 1495 533 1550 gloriae
586 1508 717 1543 suae,
760 1498 802 1536 et
853 1496 963 1548 quod
1015 1495 1135 1537 deus
1187 1496 1312 1538 fecit
1361 1495 1608 1538 hominem
1659 1497 1714 1538 ad

189 1567 452 1622 imaginem
487 1569 533 1609 et
566 1566 959 1608 similitudinem
992 1580 1128 1608 suam
1162 1568 1204 1608 et
1237 1566 1350 1620 quod
1382 1566 1533 1620 spiritu
1559 1568 1714 1610 mentis

129 1655 146 1679 2
190 1640 356 1680 nostrae
402 1650 653 1679 renouamur
694 1637 740 1678 in
794 1638 1098 1692 agnitionem
1158 1637 1224 1679 dei
1276 1638 1545 1680 secundum
1604 1639 1715 1680 ima-

309 1811 432 1846 21011.
462 1812 491 1848 1.
521 1811 563 1846 18
639 1811 759 1846 IIoh.
789 1813 818 1852 1,
844 1814 865 1847 5
940 1812 961 1846 3
988 1811 1058 1846 Iac.
1088 1812 1117 1852 1,
1148 1811 1188 1845 17
1265 1813 1285 1846 5
1312 1811 1329 1845 Ι
1356 1811 1445 1846 Tim.
1474 1812 1506 1855 6,
1536 1813 1577 1848 16
1652 1811 1714 1846 61

191 1869 266 1904 Ioh.
294 1871 325 1906 5.
355 1870 447 1905 7—8
519 1871 540 1905 8
569 1871 699 1907 Matth.
728 1872 760 1914 5,
781 1871 801 1905 8
875 1870 892 1905 I
918 1871 994 1906 10h.
1016 1872 1048 1909 3.
1070 1871 1091 1905 2
1168 1871 1211 1905 10
1237 1870 1349 1904 IIoh.
1369 1871 1402 1912 4,
1426 1870 1468 1904 16
1546 1872 1584 1905 11
1609 1871 1716 1905 Hebr.

193 1930 247 1973 12,
276 1930 318 1964 14
382 1930 424 1965 13
451 1930 468 1964 I
495 1929 572 1966 Cor.
603 1931 656 1969 15,
683 1931 727 1965 53
793 1931 835 1966 15
861 1930 879 1965 Ι
906 1929 984 1966 Cor.
1014 1930 1069 1973 15,
1095 1931 1140 1965 44
1200 1930 1241 1964 17
1268 1929 1362 1966 Phil.
1390 1931 1425 1972 3,
1450 1930 1492 1965 21
1557 1931 1600 1965 18
1628 1930 1716 1965 Gen.

194 1989 225 2029 1,
250 1989 390 2024 26—27
466 1989 511 2023 :20
539 1988 614 2024 Col.
643 1989 677 2029 3,
706 1989 750 2023 10

242 2107 257 2140 1
287 2106 410 2150 etiam]
439 2109 558 2140 autem
579 2105 613 2140 L
662 2106 682 2139 2
709 2105 805 2151 quod
826 2108 927 2149 (ante
948 2106 1068 2149 deum)
1085 2117 1129 2141 ex
1148 2117 1238 2140 corr.
1261 2117 1304 2140 m.
1325 2109 1354 2148 1,
1375 2106 1490 2150 fuisse
1508 2106 1586 2141 uid.
1607 2111 1665 2151 qm
1691 2110 1720 2137 1)

192 2167 212 2199 3
239 2176 309 2199 non
335 2168 419 2199 sunt
445 2166 481 2199 in
508 2176 548 2199 eo
576 2165 612 2199 P
713 2165 816 2200 deum
836 2166 966 2210 flrm
1087 2167 1108 2199 4
1135 2166 1227 2199 moll!
1244 2166 1355 2200 menti
1381 2168 1471 2209 (ras.
1497 2167 1593 2199 1-2
1620 2165 1658 2208 l.)
1684 2164 1723 2198 κ’

193 2225 353 2259 monenti
378 2224 412 2258 A
499 2227 518 2258 5
546 2235 651 2269 quam
678 2225 714 2258 P
796 2225 816 2259 8
844 2224 967 2258 mundi
995 2224 1119 2259 cordes
1147 2224 1346 2259 HMFAP
1369 2224 1619 2259 mundicordes
1638 2225 1720 2268 slr

193 2282 313 2318 mundi
341 2283 446 2317 corde
473 2294 540 2318 om.
568 2294 622 2317 ae
689 2284 710 2318 9
738 2283 938 2328 quod—est
965 2287 1001 2318 et
1026 2294 1094 2318 om.
1115 2284 1150 2318 A
1221 2284 1260 2318 11
1289 2283 1366 2328 illo]
1395 2294 1435 2317 eo
1462 2283 1495 2317 L
1520 2294 1585 2318 sec.
1614 2283 1718 2327 Vuly.

241 2346 362 2377 manet
387 2354 453 2377 om.
483 2342 514 2376 L
540 2353 606 2377 sec.
642 2343 744 2387 Vuly.
866 2354 991 2387 pacem
1019 2343 1070 2387 et]
1099 2354 1220 2388 pacem
1248 2354 1290 2378 ac
1315 2342 1438 2377 HMP
1461 2354 1585 2388 pacem
1613 2341 1659 2377 ad
1685 2342 1723 2375 ]⁴'

195 2402 239 2436 12
265 2405 400 2437 sectare
431 2402 460 2436 O
582 2403 749 2447 potem-it
775 2403 870 2446 (suit
896 2406 942 2443 st)
970 2402 1003 2436 L
1126 2403 1169 2437 13
1197 2402 1301 2437 deum
1329 2401 1451 2436 uidere
1484 2401 1563 2436 TM
1680 2412 1719 2435 ac

195 2462 344 2495 mortale
371 2472 452 2503 om„
476 2472 522 2495 m.
550 2464 568 2495 1
595 2461 680 2495 add.
713 2462 745 2495 Τ
887 2472 928 2496 ac
959 2471 1027 2496 om.
1053 2462 1209 2496 MFAP
1237 2464 1295 2505 (m.
1324 2464 1349 2495 2
1372 2472 1488 2505 supra
1521 2460 1587 2494 hoc
1616 2460 1722 2502 (αἰεί,-

194 2521 298 2563 infra
325 2520 391 2554 hoc
416 2520 565 2565 uirytcla
591 2524 643 2555 est
668 2525 790 2563 erasa)
818 2532 850 2564 a,
876 2532 920 2554 m.
948 2523 973 2554 2
999 2531 1039 2556 ac
1066 2520 1099 2554 L
1126 2523 1162 2555 et
1193 2520 1268 2556 ΘΗ
1290 2520 1369 2555 edd.
1507 2521 1548 2553 14
1576 2530 1719 2563 corrup-

195 2580 341 2617 tionem,
368 2591 412 2613 m.
440 2582 457 2613 1
483 2590 572 2614 corr.
602 2580 904 2625 incorruptionem
931 2580 964 2614 L
1079 2580 1121 2614 15
1149 2581 1353 2623 seminator,
1381 2591 1424 2614 m.
1452 2582 1470 2612 1
1496 2589 1586 2613 corr.
1614 2578 1718 2612 semi—

196 2641 300 2672 natur
326 2638 363 2673 H
488 2639 529 2672 16
557 2642 681 2683 surget
710 2638 774 2674 OL
800 2639 917 2683 surgit
944 2639 991 2672 M
1013 2641 1049 2674 et
1075 2642 1239 2683 resurget
1264 2639 1299 2672 P
1413 2638 1453 2672 17
1482 2637 1603 2680 saciet,
1628 2647 1671 2671 m.
1701 2640 1718 2670 1

195 2707 286 2731 corr.
313 2698 424 2733 faciat
450 2698 497 2732 Μ
574 2709 712 2741 corpus.
739 2710 783 2733 m.
811 2701 836 2733 2
862 2699 999 2744 corpori
1032 2699 1075 2732 0·
1119 2699 1161 2733 18
1189 2699 1368 2733 hominem
1396 2697 1482 2732 fecit
1507 2696 1555 2730 ill
1614 2696 1657 2730 19
1685 2700 1721 2730 et

196 2756 470 2791 similitudinem
496 2768 562 2792 om.
591 2757 787 2793 HMFAP
856 2758 902 2792 20
930 2757 1114 2802 agnitione
1145 2757 1336 2792 OHMFP

232 2838 401 2865 xxxxiiii
415 2840 492 2871 Aug.
509 2843 579 2865 nect.
597 2840 623 2864 11
648 2847 716 2871 pars
730 2838 746 2865 3
1628 2825 1669 2859 21
