1952 3118
61 444 77 483 1

102 664 119 689 5

87 1020 120 1046 10

87 1374 120 1401 15

578 214 926 259 epistularum
967 215 1086 251 CLIX.
1129 214 1230 250 CLX.
1583 219 1668 259 503

843 343 962 387 CLX.

202 439 393 480 Perfecta
425 438 530 480 ratio
562 438 635 479 illa
668 440 745 485 est,
787 451 892 492 quae
931 439 1116 481 omnium
1150 453 1286 481 rerum
1320 442 1506 494 praestat
1539 440 1670 482 scien-

142 511 242 551 tiam
283 512 325 550 et
364 509 540 550 maxime
579 511 839 550 aeternarum
885 522 1037 558 rerum,
1084 523 1189 564 quae
1226 511 1446 553 intellectu
1485 524 1670 565 compre-

142 580 385 622 hendentur.
449 580 553 620 hane
608 582 815 620 aeternam
874 593 981 622 esse.
1045 584 1252 622 aeternam
1310 594 1402 623 esse
1459 582 1670 631 debuisse,

145 654 358 693 aeternum
397 651 502 691 illud
543 663 649 700 esse,
684 650 793 703 quod
833 663 908 692 nec
947 651 1087 704 coepit
1123 664 1199 693 nec
1239 652 1391 693 desinit
1424 665 1497 693 nec
1535 655 1670 694 muta-

141 726 210 764 tur
259 735 334 764 nec
383 722 583 766 uariatur.
624 722 715 775 ipsa
772 721 892 763 docet
948 725 1073 776 atque
1131 723 1314 764 ostendit
1370 724 1488 766 ratio.
1545 736 1668 777 quam

142 806 312 835 neeesse
356 797 421 834 est
466 806 558 834 esse
602 795 824 842 aeternam,
869 805 948 834 non
994 794 1131 836 solum
1171 794 1281 847 quod
1320 796 1487 836 aeterna
1525 794 1672 835 doceat

144 868 186 906 et
228 864 500 907 demonstret.
552 864 624 905 sed
668 865 803 906 multo
848 866 983 919 magis
1029 865 1139 918 quod
1183 866 1277 918 ipsa
1321 866 1546 907 aeternitas
1590 878 1669 907 non

142 938 283 989 potest
328 948 420 977 esse
469 936 557 977 sine
607 935 784 978 ratione:
837 949 956 990 quae.
1008 936 1197 986 arbitror,
1248 949 1327 978 non
1379 939 1493 978 esset
1542 939 1671 977 aeter-

144 1007 267 1056 nitas,
302 1007 335 1047 si
363 1007 469 1048 ratio
502 1007 594 1059 ipsa
626 1009 794 1048 aeterna
826 1019 904 1048 non
938 1007 1104 1049 fuisset.
1138 1007 1286 1048 deinde
1320 1007 1443 1048 deum
1478 1020 1569 1049 esse
1601 1007 1670 1049 uel

145 1090 237 1120 esse
282 1077 479 1119 debuisse
523 1090 596 1118 nec
643 1078 765 1118 aliter
807 1078 893 1119 fieri
938 1078 1101 1122 debere.
1147 1091 1269 1131 quam
1313 1080 1358 1120 ut
1397 1078 1499 1120 deus
1545 1081 1670 1120 esset.

143 1149 248 1191 ratio
293 1149 384 1202 ipsa
435 1149 708 1190 demonstrat.
761 1162 865 1201 quae
916 1149 1077 1203 utique.
1128 1150 1220 1191 siue
1271 1152 1425 1192 essent.
1477 1150 1548 1202 qui
1592 1150 1670 1191 hoc

145 1221 312 1262 seirent.
347 1220 437 1260 siue
470 1232 549 1261 non
585 1223 736 1262 essent.
770 1223 923 1262 tamen.
957 1233 1052 1261 eum
1087 1222 1280 1261 aeternus
1314 1219 1369 1261 sit
1401 1219 1519 1264 deus,
1554 1220 1671 1261 dubi-

144 1291 314 1334 tandum
361 1304 440 1332 non
487 1293 551 1332 est
601 1294 806 1333 aeternam
855 1304 947 1332 esse
990 1292 1208 1341 rationem,
1259 1304 1363 1345 quae
1409 1291 1530 1332 deum
1579 1304 1671 1332 esse

147 1363 382 1416 oportuisse
419 1362 663 1404 intenderet.
702 1362 759 1403 ita
798 1366 936 1404 autem
977 1366 1024 1403 ut
1062 1363 1122 1404 illi
1159 1376 1202 1404 se
1242 1363 1546 1404 demonstraret
1577 1375 1670 1403 esse

147 1439 419 1476 coaeternam.

207 1505 311 1547 Sunt
355 1508 493 1547 autem
540 1505 757 1558 quaedam.
803 1518 908 1559 quae
952 1505 1111 1547 ratione
1151 1507 1360 1559 coguntur
1394 1507 1442 1546 ut
1481 1505 1579 1554 sint,
1624 1506 1670 1545 ut

147 1577 326 1618 anterior
357 1577 412 1618 sit
443 1577 548 1618 ratio
577 1580 617 1618 et
650 1576 824 1618 effectus
856 1577 1065 1630 posterior
1096 1577 1188 1617 eius
1220 1576 1293 1627 rei,
1327 1589 1450 1629 quam
1484 1577 1666 1618 futuram

146 1661 238 1690 esse
272 1648 456 1690 ostendit
485 1648 607 1698 ratio,
646 1650 694 1689 ut
726 1648 845 1689 uerbi
878 1648 1025 1702 gratia,
1065 1661 1160 1689 cum
1200 1647 1382 1689 mundus
1422 1647 1559 1688 faetus
1593 1649 1670 1691 est.

266 1820 367 1854 Idem
394 1821 544 1856 codices,
570 1821 634 1864 qui
659 1821 698 1854 in
724 1832 775 1865 ep.
806 1820 945 1855 CLIX.

195 1928 285 1962 Item
321 1929 403 1973 expi‘
435 1928 483 1962 sei
519 1927 649 1962 eubodi
682 1927 727 1962 ad
760 1927 869 1962 beatu
902 1928 1098 1971 augustinn
1131 1927 1174 1962 de
1206 1929 1344 1962 ratione
1371 1929 1406 1962 et
1433 1927 1499 1961 deo
1528 1926 1564 1960 P
1585 1927 1670 1961 item

149 1986 303 2032 epistula
329 1987 443 2021 sancti
472 1986 602 2021 eubodi
629 1986 674 2021 ad
700 1987 845 2020 beatum
873 1987 1105 2031 augustinum
1133 1985 1176 2020 de
1196 1987 1336 2020 ratione
1357 1996 1398 2020 ac
1417 1985 1484 2020 deo
1505 1985 1676 2020 P¹SVP³

149 2047 233 2080 item
268 2047 425 2091 episcopi
459 2046 604 2080 euuodii
638 2045 682 2080 ad
715 2048 877 2080 sanctum
906 2046 1136 2090 augustinum
1163 2045 1207 2079 de
1233 2045 1373 2080 ratione
1399 2048 1435 2079 et
1461 2044 1528 2079 deo
1555 2045 1599 2079 H
1620 2046 1672 2079 in-

149 2106 235 2149 cipit
269 2106 423 2150 epistula
456 2106 561 2140 euodi
596 2105 640 2140 ad
674 2108 838 2140 sanctum
871 2105 1104 2148 augustinum
1137 2104 1180 2139 de
1208 2104 1274 2138 deo
1303 2108 1339 2139 et
1364 2106 1504 2139 ratione
1530 2105 1579 2139 P²

195 2165 394 2209 Inscriptio
419 2166 527 2199 nulla
554 2169 604 2199 est
626 2166 663 2198 in
684 2164 807 2206 codd.‚·
824 2164 984 2198 Euodius
1004 2165 1208 2209 Augustino
1229 2164 1398 2209 episcopo
1420 2164 1570 2198 salutem
1593 2163 1671 2198 edd.

149 2224 169 2257 3
196 2235 309 2258 rerum
337 2235 404 2260 om.
431 2225 466 2258 P
549 2225 621 2268 qui.
648 2236 692 2257 m.
720 2228 739 2258 1
766 2223 812 2264 (Ρ)
840 2234 931 2258 corr.
959 2234 1049 2268 quae
1075 2222 1126 2256 12³
1205 2223 1550 2268 conprehendentur,
1576 2235 1620 2256 m.
1649 2226 1674 2257 2

149 2283 484 2328 conprehenduntur
508 2283 590 2318 PP¹
618 2283 988 2328 conpraeinendentur,
1014 2294 1058 2316 m.
1085 2286 1104 2317 1
1136 2293 1226 2318 corr.
1259 2282 1621 2328 conpraehenduntur
1646 2282 1675 2316 S

149 2342 496 2387 comprehenduntur
521 2343 564 2376 H
586 2342 665 2376 edd.
693 2342 1068 2387 conprehenderentur
1092 2340 1142 2376 P²
1182 2393 1226 2396 μ-
1261 2342 1283 2374 4
1310 2342 1461 2376 alterum
1491 2344 1671 2375 aeternam

149 2413 225 2436 esse
252 2412 317 2435 om.
346 2402 381 2436 P
405 2403 460 2443 (in
484 2402 557 2445 fine
581 2404 632 2444 u)
658 2401 702 2436 Η
819 2401 1000 2445 debuisse]
1029 2401 1154 2436 debuit
1180 2412 1220 2435 ee
1245 2401 1280 2435 P
1352 2403 1372 2435 5
1401 2411 1479 2434 esse
1506 2400 1672 2434 debuisse

149 2461 241 2506 quod
269 2461 448 2497 (debuisse
475 2461 559 2504 del.)
585 2460 636 2496 P²
732 2472 796 2494 nec
823 2461 958 2495 desinit
983 2471 1049 2495 om.
1077 2459 1325 2495 PP¹SVHP³
1350 2460 1429 2493 edd.
1515 2460 1536 2493 9
1564 2459 1670 2502 quae]

149 2521 232 2565 quia
257 2532 290 2554 m
369 2521 410 2555 10
437 2521 504 2554 nisi
532 2522 624 2555 ratio
651 2520 730 2564 ipsa
756 2523 904 2554 aeterna.
930 2520 1059 2554 suisset
1084 2519 1136 2553 Ρ2
1231 2522 1377 2554 aeterna
1410 2518 1443 2552 V
1527 2518 1568 2551 12
1595 2518 1672 2562 ipsa

148 2592 215 2615 om.
241 2579 487 2615 PP¹SVHP³
512 2580 592 2614 edd.
718 2581 759 2614 14
787 2591 863 2613 esse
890 2590 957 2613 oni.
984 2578 1066 2614 P¹S
1088 2582 1147 2618 (m.
1175 2581 1200 2614 2
1226 2578 1245 2613 ‚9
1272 2578 1374 2621 add.)
1406 2577 1440 2610 V
1554 2577 1595 2611 15
1621 2577 1670 2610 ita

149 2641 283 2684 autem}
311 2644 347 2673 et
373 2641 425 2673 ita.
451 2642 569 2673 autem
597 2638 765 2673 PP¹P²S
788 2642 839 2679 (et
865 2650 910 2672 m.
938 2641 963 2672 2
988 2639 1071 2682 del.)
1106 2638 1185 2672 VP³
1210 2638 1254 2672 lr
1279 2643 1315 2671 et
1342 2638 1394 2671 ita
1420 2636 1463 2670 H
1485 2647 1517 2670 m
1600 2636 1671 2670 illis

148 2699 184 2732 P
207 2699 275 2733 illi.
305 2699 397 2743 (fuit
423 2700 453 2740 s)
487 2698 518 2731 V
542 2698 614 2739 ille,
641 2710 686 2732 m.
714 2701 732 2731 1
758 2696 804 2739 (Ρ)
831 2707 922 2731 corr.
949 2697 1002 2731 ilii
1028 2696 1077 2731 Ρ1
1174 2698 1397 2731 demonstret
1423 2695 1472 2729 1²²
1525 2695 1566 2729 16
1592 2706 1671 2729 »eo-

150 2760 327 2791 aeternam
353 2758 440 2800 (fuit
467 2760 501 2797 o)
529 2756 577 2791 P¹
725 2757 765 2790 17
795 2756 899 2794 ratio,
926 2767 969 2790 m.
998 2759 1023 2790 2
1048 2756 1187 2790 ratione
1214 2755 1243 2790 S
1389 2754 1429 2788 18
1457 2754 1503 2787 sit
1530 2765 1596 2788 om.
1626 2752 1674 2788 P²

196 2816 366 2852 futurum.
392 2827 437 2850 m.
464 2818 489 2850 2
514 2816 670 2850 futuram
697 2815 778 2850 P¹S
1042 2803 1044 2807 V
