1952 3118
582 175 932 220 epistularum
973 174 1131 210 CLVIII.
1174 175 1294 211 CLIX.
1613 178 1698 220 497

59 304 112 346 12
234 306 334 347 Peto
381 318 560 359 quoque,
605 308 666 356 ut,
712 308 816 359 quot
858 305 994 347 modis
1034 305 1238 359 sapientia
1282 306 1458 356 dicatur,
1504 306 1700 348 ostendas

173 377 290 427 mihi,
336 380 383 418 ut
427 375 632 431 sapientia
677 376 792 425 deus,
839 379 886 418 ut
931 377 1138 430 sapientia
1181 377 1348 419 animus
1392 377 1573 430 sapiens,
1619 390 1700 431 quo

173 447 296 489 modo
330 447 486 489 dicitur
516 450 565 489 ut
589 448 673 496 lux,
706 450 754 489 ut
781 447 987 501 sapientia
1012 448 1247 497 Beselehel,
1275 449 1346 502 qui
1373 449 1603 491 fabricatus
1638 450 1702 491 est

173 519 489 561 tabernaculum
527 519 599 560 uel
641 519 981 573 unguentarium,
1026 522 1074 560 ut
1114 520 1321 572 sapientia
1359 518 1595 562 Salomonis
1633 520 1703 562 uel

133 603 149 628 5
175 591 211 632 si
249 602 331 643 qua
369 592 433 631 est-
470 589 564 639 alia,
599 592 640 631 et
672 589 773 643 quid
812 589 994 630 inuicem
1035 589 1211 638 distent;
1252 594 1294 631 et
1331 592 1472 632 utrum
1511 604 1593 632 una
1629 591 1703 633 illa

175 660 381 714 sapientia
419 663 587 702 aeterna.
625 673 722 702 cum
759 662 875 714 patre
907 660 948 701 in
981 660 1046 702 his
1080 661 1278 715 gradibus
1318 661 1600 716 intellegenda
1633 661 1701 707 sit.

176 745 256 786 quo
307 731 431 773 modo
483 731 650 773 diuersa
705 744 878 772 munera
934 731 1131 773 dicuntur
1186 732 1359 785 spiritus
1417 733 1564 784 sancti,
1620 733 1703 786 qui

176 802 363 844 diuidit
406 803 678 856 unicuique
723 803 923 857 propria
967 805 1114 857 prout
1157 804 1286 852 uult,
1332 816 1381 844 an
1421 806 1592 857 excepta
1629 803 1703 845 illa

175 874 265 916 sola
289 874 509 928 sapientia,
537 887 642 927 quae
668 874 780 916 facta
806 886 883 916 non
912 877 989 923 est,
1017 874 1123 916 istae
1150 874 1284 916 factae
1311 876 1412 916 sunt
1432 877 1474 915 et
1493 874 1702 928 propriam

117 959 152 985 ιο
176 945 329 987 habent
368 945 662 995 substantiam,
708 958 758 986 an
798 945 945 987 effecta
981 947 1082 987 sunt
1121 947 1162 987 et
1200 958 1246 987 ex
1286 945 1526 987 definitione
1567 945 1702 998 operis

175 1030 323 1059 nomen
356 1019 619 1071 acceperunt.
652 1017 786 1058 multa
811 1017 994 1070 requiro;
1031 1017 1102 1059 det
1126 1017 1205 1059 tibi
1233 1017 1426 1059 dominus
1455 1020 1496 1058 et
1523 1017 1703 1072 gratiam

176 1087 416 1130 inueniendi
444 1090 484 1129 et
517 1088 765 1141 sapientiam
800 1088 985 1130 dictandi
1011 1090 1054 1129 et
1079 1088 1129 1129 ad
1156 1101 1230 1130 nos
1258 1089 1449 1130 celeriter
1481 1088 1702 1130 scribendi.

176 1160 354 1214 inperite
399 1162 440 1200 et
483 1159 641 1201 rustice
693 1159 862 1212 scripsi;
915 1158 988 1201 sed
1038 1159 1136 1213 quia
1186 1159 1369 1213 dignaris
1416 1171 1554 1209 nosse,
1605 1159 1703 1212 quid

178 1242 388 1284 quaeram,
428 1242 501 1283 per
534 1228 749 1271 Christum
790 1229 1006 1270 dominum
1041 1229 1229 1279 obsecro,
1267 1231 1315 1271 ut
1346 1229 1387 1270 in
1422 1229 1485 1270 his
1520 1229 1702 1284 corrigas

119 1312 152 1338 ιδ
177 1314 243 1343 me
277 1303 318 1343 et
350 1301 515 1352 doceas,
552 1301 664 1355 quod
696 1300 910 1356 intellegis
944 1313 1009 1341 me
1044 1301 1149 1342 scire
1183 1313 1346 1355 cupere.

868 1429 1006 1472 CLIX.

176 1523 368 1559 DOMINO
392 1522 680 1558 BEATISSIMO
703 1522 762 1557 AC
777 1522 1074 1558 VENERABILI
1094 1522 1153 1557 ET
1168 1521 1511 1558 DESIDERABILI
1530 1521 1704 1556 FRATRI

179 1584 234 1618 ET
261 1582 633 1619 CONSACERDOTI
659 1582 760 1617 MEO
788 1582 970 1617 EVODIO
999 1582 1056 1616 ET
1083 1582 1245 1618 TECUM
1270 1581 1535 1617 FRATRIBUS
1557 1580 1703 1617 AUGU-

308 1641 476 1677 STINUS
503 1641 564 1675 ET
591 1640 760 1676 MECL'M
786 1641 1004 1675 FRATRES
1031 1640 1082 1675 IN
1110 1640 1303 1676 DOMINO
1332 1639 1567 1675 SALUTEM.

63 1727 86 1768 1
118 1746 151 1770 20
236 1726 381 1768 Frater
418 1726 498 1767 iste
536 1726 703 1767 nomine
737 1725 945 1767 Barbarus
979 1738 1126 1767 seruus
1167 1725 1233 1766 dei
1271 1726 1337 1767 est
1372 1724 1456 1766 iam
1490 1724 1562 1765 diu
1595 1725 1705 1778 apud

26 1799 28 1803 ’
179 1797 415 1852 Hipponem
466 1797 723 1838 constitutus
775 1798 816 1838 et
865 1796 983 1838 uerbi
1033 1796 1099 1837 dei
1149 1795 1336 1838 feruidus
1388 1808 1434 1837 ac
1486 1794 1705 1837 studiosus

297 1937 317 1971 3
343 1936 407 1970 Ex.
435 1936 489 1973 31,
519 1936 633 1971 2—11
711 1936 729 1969 7
760 1935 774 1969 Ι
801 1935 879 1970 Cor.
911 1935 963 1973 12,
995 1936 1033 1969 11

229 2021 244 2054 1
275 2019 370 2064 quod
397 2020 431 2053 P
492 2021 512 2053 5
540 2022 574 2054 ct
601 2020 628 2053 si
658 2018 744 2063 quid
777 2017 811 2052 U
872 2019 913 2052 10
941 2018 1070 2053 effectu
1096 2018 1132 2052 P
1200 2018 1239 2052 11
1269 2028 1397 2052 nomen
1425 2028 1494 2053 om.
1528 2017 1600 2053 VU
1625 2017 1704 2052 edd.

465 2136 500 2170 P
535 2152 578 2165 -—-
606 2135 683 2170 cod.
711 2135 912 2169 Parisinus
937 2136 1056 2169 12193
1081 2146 1109 2169 ε.
1137 2135 1209 2169 IX.

464 2194 512 2228 Ρ1
540 2211 583 2223 =
610 2194 687 2229 cod.
715 2194 915 2228 Parisinus
942 2196 1070 2228 12226
1093 2205 1121 2228 s.
1150 2195 1220 2229 IX.

464 2253 513 2287 Ρ]
538 2270 582 2283 =
610 2254 686 2288 cod.
714 2253 914 2287 Parisinus
941 2264 1022 2289 nou.
1052 2264 1129 2297 acq.
1157 2255 1260 2288 1672
1282 2264 1309 2290 8.
1337 2252 1410 2290 IX.

464 2313 494 2347 S
535 2329 579 2342 =
607 2313 684 2347 cod.
711 2312 969 2357 Sanyallensis
995 2315 1067 2346 174
1093 2323 1120 2347 s.
1148 2312 1222 2347 IX.

471 2371 503 2405 V
537 2388 580 2401 z
608 2371 684 2406 cod.
718 2371 925 2405 Vaticanus
953 2373 1058 2405 3534
1084 2383 1111 2405 8.
1139 2371 1300 2406 ΙΧ-Χ,

467 2431 508 2464 II
539 2447 581 2459 =
609 2430 683 2465 cod.
712 2430 916 2465 Palatinus
944 2432 1024 2465 209
1049 2442 1075 2465 S.
1104 2432 1151 2465 X.

466 2491 515 2524 pri
542 2507 583 2519 z
612 2489 687 2525 cod.
716 2490 915 2524 Parisinus
940 2491 1043 2523 1958
1067 2502 1094 2526 5¹.
1122 2491 1194 2527 XI.

230 2607 430 2652 Inscriptio
457 2618 537 2649 om,
563 2618 607 2640 m.
636 2610 653 2641 1
679 2607 718 2641 in
744 2618 855 2651 marg).
884 2606 1114 2642 breuioribus
1139 2608 1162 2643 l.
1191 2607 1278 2642 add.
1306 2607 1340 2640 P
1414 2607 1454 2641 17
1482 2606 1534 2649 acl
1565 2607 1600 2639 ct
1627 2605 1706 2639 cdd.

231 2667 281 2711 et]
310 2677 350 2700 ac
377 2677 428 2708 m;
455 2670 532 2702 cett.
561 2665 640 2700 edd.
669 2677 735 2700 om.
765 2670 799 2699 ct
827 2664 1058 2700 desiderabili
1129 2666 1171 2701 18
1194 2677 1251 2710 pr,
1280 2666 1328 2710 ct]
1358 2677 1396 2699 ac
1424 2665 1502 2700 edd.
1578 2667 1707 2702 tecum,

182 2736 227 2758 m.
256 2727 281 2759 2
307 2725 366 2769 qui
394 2727 512 2759 tecum
541 2728 623 2758 sunt
649 2724 697 2758 P¹
751 2725 792 2758 19
819 2735 967 2763 mecum.
994 2736 1037 2758 m.
1060 2728 1085 2758 2
1111 2725 1171 2770 qui
1199 2736 1336 2759 iiieciiiii
1364 2728 1447 2758 suiit
1473 2722 1521 2757 Ρι
1581 2722 1626 2757 20
1653 2726 1708 2756 est

183 2795 260 2828 exp.
289 2783 333 2817 Ρι
363 2788 417 2818 est
444 2784 522 2820 del..
549 2794 662 2828 ,supra
692 2792 750 2818 (m.
780 2787 796 2817 1
823 2783 855 2825 ?)
886 2783 971 2817 add.
1000 2786 1035 2818 et
1056 2783 1083 2819 S
1132 2785 1173 2818 21
1203 2783 1250 2823 di,
1280 2794 1321 2818 m.
1352 2785 1376 2816 2
1402 2782 1435 2815 ili
1464 2782 1498 2815 P
1570 2781 1635 2815 hac
1660 2781 1708 2814 1²²·

222 2867 390 2892 xxxxiiii
414 2867 490 2897 Aug.
514 2870 585 2891 sect.
608 2867 635 2891 11
658 2873 724 2898 pars
743 2865 758 2891 3
1615 2852 1659 2885 32
