1952 3118
182 667 198 692 5

165 1023 199 1047 10

167 1376 198 1401 15

167 1731 200 1757 20

166 2443 199 2467 30

700 238 1050 282 epistularum
1092 236 1277 271 CLXXIX.
1668 240 1753 280 6033

226 369 474 409 debeamus:
505 367 573 409 Ne
607 380 699 408 nos
732 367 937 408 inferas
971 367 1018 408 in
1046 367 1469 420 temptationem,
1504 367 1592 408 sine
1625 380 1752 409 causa

227 440 352 481 etiam
386 440 579 480 dominus
608 438 798 492 apostolo
828 438 950 479 Petro
985 438 1139 479 dixisse
1172 438 1388 479 uideatur:
1424 438 1625 493 Rogaui
1661 451 1752 491 pro

226 514 288 560 te,
337 523 394 551 ne
436 509 665 551 deficiat
703 509 845 550 fides
886 511 989 551 tua.
1036 509 1070 550 si
1109 509 1187 550 hoe
1227 512 1363 551 totum
1403 510 1442 550 in
1483 509 1602 550 nobis
1637 509 1752 550 nullo

227 582 377 624 auxilio
412 581 478 622 dei
511 580 583 622 sed
616 582 828 634 potestate
861 579 1093 621 uoluntatis
1127 580 1353 633 impletur?

285 652 363 693 His
403 653 546 705 itaque
589 650 946 704 disputationibus
986 651 1194 703 peruersis
1235 655 1275 692 et
1313 651 1456 704 impiis
1495 664 1572 693 non
1614 651 1751 692 solum

226 723 526 764 contradicitur
567 721 826 763 orationibus
865 722 1036 771 nostris,
1082 722 1235 775 quibus
1276 735 1297 762 a
1342 722 1508 764 domino
1554 723 1752 776 petimus.

225 793 425 847 quiequid
465 795 631 835 sanctos
673 792 829 846 petisse
873 792 1057 847 legimus
1098 794 1138 833 et
1181 794 1388 842 tenemus,
1434 805 1580 834 uerum
1626 793 1751 835 etiam

224 864 584 906 benedictionibus
642 863 796 905 nostris
853 863 1078 914 resistitur,
1143 863 1306 916 quaudo
1364 876 1490 917 super
1546 865 1749 917 populum

225 936 406 976 dicimus
446 937 639 988 optantes
679 935 738 976 eis
779 936 820 975 et
858 937 1079 987 poscentes
1120 947 1143 975 a
1181 934 1362 982 domino,
1402 937 1449 975 ut
1488 947 1558 975 eos
1598 935 1751 976 abun-

226 1007 349 1047 dare
383 1006 554 1047 faeiat
585 1005 633 1045 in
676 1005 912 1046 caritate
945 1005 1176 1046 inuicem
1213 1007 1263 1045 et
1296 1006 1343 1045 in
1379 1018 1556 1047 omnes
1591 1008 1632 1046 et
1666 1005 1752 1046 det

226 1078 283 1117 eis
307 1077 598 1118 seeundum
622 1075 854 1116 diuitias
883 1076 1092 1129 gloriae
1121 1087 1245 1116 suae
1273 1076 1481 1117 uirtute
1510 1076 1749 1117 corrobo-

225 1149 329 1189 rari
363 1160 452 1201 per
492 1147 747 1201 spiritum
781 1146 897 1188 eius
933 1149 975 1188 et
1006 1146 1234 1199 impleat
1272 1160 1343 1189 eos
1384 1147 1519 1188 omni
1554 1147 1750 1201 gaudio

226 1223 275 1260 et
314 1231 440 1272 paee
480 1219 528 1260 in
568 1218 833 1260 credendo
874 1221 916 1260 et-
954 1219 1165 1259 abundent
1204 1219 1250 1259 in
1294 1232 1384 1272 spe
1419 1222 1468 1259 et
1502 1219 1751 1272 potentia

226 1290 459 1344 spiritus
500 1290 688 1331 saneti.
730 1293 778 1331 ut
811 1289 910 1342 quid
944 1290 1003 1330 eis
1038 1290 1119 1330 ista
1151 1290 1349 1342 petimus.
1390 1303 1495 1343 quae
1528 1289 1695 1343 populis
1730 1303 1753 1330 a

226 1361 392 1403 domino
436 1361 594 1414 petisse
639 1361 878 1414 apostolum
930 1361 1141 1410 nouimus,
1194 1361 1227 1401 si
1279 1361 1360 1402 iam
1412 1364 1559 1402 natura
1610 1364 1751 1403 nostra

227 1436 364 1474 creata
398 1446 493 1474 eum
532 1432 665 1473 libero
700 1432 869 1473 arbitrio
904 1432 1042 1473 onmia
1074 1432 1175 1473 haee
1210 1432 1290 1473 sibi
1323 1435 1463 1486 potest
1496 1445 1572 1473 sua
1605 1432 1751 1473 uolun-

226 1506 312 1544 tate
358 1506 598 1557 praestare?
649 1506 696 1545 ut
747 1503 847 1556 quid
900 1504 1026 1544 etiam
1073 1503 1175 1544 dicit
1219 1503 1329 1544 idem
1375 1504 1465 1558 ipse
1511 1504 1747 1557 apostolus:

228 1573 510 1627 Quotquot
549 1574 684 1615 enim
724 1574 927 1628 spiritu
969 1574 1050 1616 (lei
1091 1578 1340 1628 aguntur,
1386 1575 1435 1615 hi
1470 1575 1583 1616 filii
1625 1577 1752 1616 sunt

227 1645 322 1687 dei.
368 1645 402 1685 si
450 1645 599 1698 spiritu
642 1649 814 1686 naturae
863 1649 1030 1687 nostrae
1076 1646 1252 1701 agimur.
1305 1649 1351 1686 ut
1402 1646 1632 1687 efficiamur
1675 1645 1750 1687 filii

227 1716 320 1756 dei?
356 1720 403 1757 ut
437 1716 536 1769 quid
565 1716 667 1757 dicit
694 1716 908 1757 similiter:
936 1717 1177 1770 Spiritus
1206 1717 1431 1758 adiuuat
1464 1717 1749 1758 infirmita-

227 1794 329 1828 tem
369 1792 616 1833 nostram,
664 1788 698 1828 si
738 1795 885 1829 natura
924 1790 1066 1829 nostra
1104 1789 1164 1830 sic
1205 1791 1341 1830 creata
1382 1791 1458 1830 est.
1506 1791 1552 1829 ut
1597 1788 1749 1842 spiritu

227 1858 277 1899 ad
317 1872 440 1912 opera
484 1858 672 1899 iustitiae
711 1872 790 1899 non
830 1859 1017 1913 indigeat
1055 1859 1275 1901 adiuuari?
1320 1863 1367 1901 ut
1405 1860 1504 1912 quid
1545 1860 1748 1912 seriptum

227 1936 309 1971 est:
360 1930 570 1971 Fidelis
624 1934 798 1971 autem
852 1931 992 1973 deus.
1046 1931 1135 1984 qui
1181 1944 1276 1973 non
1323 1931 1610 1984 permittet
1654 1944 1748 1972 uos

226 2001 482 2054 temptari
517 2013 676 2053 super
714 2001 776 2048 id,
818 2001 954 2054 quod
997 2002 1249 2055 potestis,
1292 2002 1383 2043 sed
1423 2002 1591 2042 faciet
1636 2015 1746 2042 eum

186 2071 590 2125 ‘temptatione
633 2072 793 2112 etiam
835 2072 1048 2114 exitum.
1092 2075 1147 2113 ut
1184 2073 1419 2126 possitis
1454 2072 1747 2115 sustinere.

226 2143 262 2184 si
294 2143 376 2183 iam
410 2143 467 2183 ita
507 2143 661 2183 conditi
702 2156 865 2191 sumus,
906 2146 952 2184 ut
985 2143 1146 2185 uiribus
1179 2144 1301 2185 liberi
1334 2144 1493 2185 arbitrii
1529 2144 1747 2184 uniuersas

224 2214 522 2266 temptationes
557 2214 803 2255 sustinendo
838 2227 1034 2267 superare
1067 2215 1309 2268 possimus?

286 2284 393 2335 Quid
438 2285 630 2338 pluribus
676 2299 797 2340 agam
851 2285 961 2339 apud
1013 2287 1279 2327 sanctitatem
1333 2292 1531 2330 uestram.
1583 2285 1746 2339 quando

225 2357 394 2410 quidem
434 2369 499 2397 me
545 2370 764 2398 onerosum
811 2357 960 2407 sentio,
1006 2358 1184 2399 maxime
1223 2357 1319 2410 quia
1364 2371 1436 2412 per
1479 2358 1747 2409 interpretem

225 2427 344 2469 audis
379 2427 540 2468 litteras
582 2430 723 2469 meas?
763 2428 797 2469 si
837 2428 1016 2482 diligitis
1051 2429 1284 2481 Pelagium,
1325 2429 1473 2483 diligat
1512 2441 1587 2469 uos
1621 2428 1746 2468 etiam

346 2566 361 2599 1
390 2566 520 2600 Matth.
548 2567 579 2609 6,
609 2567 666 2604 13;
694 2567 777 2601 Luc.
807 2568 860 2609 ll,
886 2569 908 2601 4
1011 2569 1031 2601 2
1062 2567 1142 2602 Luc.
1170 2569 1225 2604 22.
1253 2568 1298 2602 32
1403 2571 1422 2599 ‘J
1452 2567 1465 2600 1
1492 2566 1614 2601 Thess.
1642 2569 1674 2602 13.
1706 2566 1746 2599 12

230 2625 270 2658 10
298 2624 387 2669 Eph.
416 2628 451 2667 3,
480 2626 520 2659 16
622 2626 663 2660 12
690 2626 790 2660 Rom.
821 2627 874 2667 15,
904 2628 944 2660 13
1047 2627 1087 2661 18
1114 2626 1214 2662 Rom.
1242 2629 1273 2666 8,
1306 2628 1345 2660 14
1443 2627 1488 2659 ⁴2«)
1518 2626 1613 2659 Rom.
1643 2628 1675 2660 Η.
1701 2626 1745 2658 2⁴¹·

224 2684 269 2717 23
298 2683 310 2716 l
340 2684 418 2718 (jor.
448 2684 502 2719 10.
533 2685 572 2718 13

271 2768 293 2798 6
319 2767 449 2800 nostris
475 2778 567 2801 eras.
600 2767 633 2800 U
706 2768 724 2802 7
751 2768 899 2812 petiisse
926 2780 957 2802 m
1029 2770 1067 2803 ll
1098 2770 1266 2803 uirtutmn
1305 2769 1368 2801 l'l'
1396 2769 1468 2802 Isi·
1537 2769 1578 2801 13
1606 2771 1641 2800 ct
1662 2770 1747 2800 anta·

225 2825 434 2859 liabundvnt
461 2837 552 2860 eras.
587 2826 621 2858 {f
693 2827 734 2860 15,
762 2827 909 2871 petiisse
938 2839 969 2861 m
1043 2830 1087 2862 ‘23
1116 2829 1291 2872 permittit
1325 2828 1359 2861 U
