1844 3122
89 300 114 339 2

124 960 155 984 10

128 1315 159 1339 15

127 1671 161 1696 20

129 2025 162 2050 25

676 170 1026 216 epistularum
1065 170 1219 206 CXXVI.
1680 178 1705 213 <J

238 300 318 343 Sed
364 301 558 353 quamuis
602 303 717 343 tanto
770 304 888 343 motu
937 302 1083 355 populi
1135 305 1176 343 et
1225 305 1341 344 tanta
1394 303 1706 356 perturbatione

179 371 381 412 ecclesiae
431 384 698 424 permouerer
747 385 822 414 nec
872 372 986 414 aliud
1043 373 1341 426 constipationi
1396 373 1457 414 illi
1510 373 1705 415 dixissem

178 442 258 483 nisi
290 454 385 483 eum
418 455 484 483 me
516 443 699 484 inuitum
732 443 921 484 ordinare
954 456 1033 484 non
1073 456 1211 496 posse,
1245 456 1320 485 nec
1362 444 1421 485 sic
1461 446 1600 485 tamen
1639 445 1707 485 ad-

179 513 332 555 ductus
366 526 474 563 sum,
509 514 606 567 quia
639 516 681 555 et
706 514 783 555 hoc
817 516 1090 567 promiseram
1118 527 1196 555 non
1230 527 1295 555 me
1322 515 1455 556 fuisse
1482 515 1706 556 facturum.

179 587 226 626 ut
255 584 422 637 aliquid
461 584 497 625 ei
537 584 585 625 de
626 585 895 639 suscipiendo
934 585 1195 639 presbyterio
1238 586 1476 631 suaderem:
1524 585 1634 639 quod
1673 585 1708 626 si

178 655 429 709 persuadere
472 655 721 710 potuissem,
761 669 841 697 non
886 656 968 697 iam
1016 656 1276 698 ordinaretur
1320 656 1495 698 inuitus.
1541 656 1710 698 seruaui

179 726 399 779 utriusque
449 726 742 780 promissionis
791 726 917 769 fidem
967 740 1047 770 non
1093 728 1230 769 solum
1275 727 1405 779 illius,
1451 741 1576 781 quam
1625 728 1707 769 iam

179 797 334 852 populo
378 799 671 851 patefeceram,
712 811 856 840 uerum
904 799 1029 841 etiam
1075 799 1205 843 illius.
1243 800 1284 841 in
1332 812 1413 852 qua
1457 812 1540 841 uno
1585 801 1708 848 teste,

181 871 384 922 quantum
412 869 463 911 ad
489 870 678 912 homines
706 870 878 914 adtinet.
907 871 1136 912 detinebar.
1165 871 1346 919 seruaui,
1374 871 1558 924 inquam,
1584 869 1708 912 fidem

180 940 485 993 promissionis,
512 954 590 983 non
619 941 839 984 iurationis
866 942 905 983 in
935 944 1052 984 tanto
1086 942 1285 996 periculo.
1319 942 1431 995 qnod
1462 942 1563 983 licet
1588 941 1709 983 falso.

181 1011 293 1053 sicut
324 1014 472 1065 postea
497 1013 794 1066 comperimus,
821 1013 1101 1064 metuebatur,
1129 1014 1324 1055 omnibus
1354 1016 1508 1063 tamen,
1537 1013 1572 1054 si
1599 1012 1711 1066 quod

183 1087 309 1130 esset,
348 1084 625 1125 communiter
660 1084 915 1138 impendebat
954 1087 994 1126 et
1034 1086 1120 1126 erat
1163 1086 1303 1126 metus
1343 1084 1434 1137 ipse
1474 1083 1709 1126 communis

184 1167 229 1195 ac
261 1157 429 1207 propter
460 1155 696 1197 ecclesiam.
730 1156 769 1197 in
803 1169 885 1209 qua
917 1168 1097 1205 eramus,
1130 1155 1307 1197 maxime
1338 1158 1532 1196 metuens
1570 1154 1711 1196 absce-

184 1225 280 1267 dere
318 1226 568 1280 cogitabam.
614 1227 686 1268 sed
723 1227 998 1269 metuendum
1039 1228 1131 1273 fuit.
1170 1240 1219 1268 ne
1257 1226 1395 1281 magis
1434 1239 1500 1268 me
1539 1226 1711 1267 absente

185 1296 268 1338 tale
310 1297 471 1350 aliquid
514 1298 671 1339 faceret
703 1300 745 1340 et
784 1299 1019 1340 reuerentia
1062 1298 1198 1339 minor
1242 1301 1284 1339 et
1328 1297 1446 1339 dolor
1489 1297 1711 1338 ardentior.

185 1367 346 1418 deinde,
381 1369 415 1409 si
449 1381 545 1410 cum
578 1369 702 1411 fratre
733 1370 886 1424 Alypio
920 1369 1178 1411 discederem
1210 1383 1283 1423 per
1317 1369 1520 1422 populum
1560 1368 1712 1409 consti-

186 1441 344 1491 patum.
377 1440 610 1481 cauendum
642 1440 738 1492 fuit,
770 1454 819 1482 ne
853 1441 1076 1494 qnisquam
1115 1441 1156 1482 in
1195 1453 1292 1481 eum
1329 1452 1500 1481 manum
1545 1439 1712 1480 mittere

184 1510 369 1562 auderet,
408 1512 444 1552 si
482 1513 623 1553 autem
660 1512 750 1554 sine
788 1512 876 1559 illo,
917 1525 1021 1565 quae
1060 1512 1173 1553 frons
1220 1514 1333 1553 esset
1377 1509 1713 1558 existimationis,

187 1582 222 1622 si
255 1581 357 1635 quid
388 1582 425 1623 ei
457 1583 649 1625 fortassis
682 1584 891 1626 accideret
929 1586 970 1625 et
1001 1584 1167 1625 uiderer
1207 1595 1303 1624 eum
1341 1583 1560 1635 propterea
1599 1580 1713 1621 dese-

186 1653 337 1703 ruisse,
371 1656 418 1695 ut
448 1654 603 1695 furenti
635 1655 790 1708 populo
822 1654 1084 1696 traderetur?

246 1724 359 1766 Inter
408 1725 484 1766 hos
537 1728 681 1767 aestus
732 1739 849 1767 meos
894 1738 1150 1780 grauemque
1194 1737 1424 1766 maerorem
1470 1725 1511 1764 et
1557 1722 1714 1764 nullius

187 1795 353 1837 consilii
396 1796 714 1850 respirationem
759 1810 856 1838 ecce
899 1799 1069 1850 repente
1116 1798 1240 1849 atque
1282 1794 1492 1848 inopinate
1544 1796 1715 1835 sanctus

188 1867 300 1908 filius
344 1870 487 1909 noster
523 1867 725 1909 Pinianus
770 1868 906 1909 mittit
950 1867 1001 1909 ad
1044 1880 1111 1909 me
1156 1879 1327 1908 seruum
1372 1865 1452 1915 dei,
1499 1865 1569 1918 qui
1616 1863 1718 1905 mihi

189 1938 347 1980 diceret
379 1951 472 1980 eum
507 1952 551 1980 se
584 1939 695 1980 uelle
732 1939 889 1993 populo
928 1939 1080 1989 iurare,
1115 1938 1240 1992 quod,
1275 1937 1311 1979 si
1350 1939 1463 1979 esset
1501 1936 1716 1978 ordinatus

190 2009 363 2060 inuitus,
402 2022 449 2050 ex
486 2009 626 2051 Africa
670 2009 904 2051 discederet
941 2009 1124 2059 omnino,
1164 2008 1301 2057 credo,
1341 2007 1585 2049 existimans
1631 2019 1715 2048 eos.

189 2079 352 2134 quando
387 2080 558 2134 quidem
601 2080 785 2134 peierare
817 2093 897 2122 non
931 2082 1088 2134 posset,
1128 2091 1207 2120 non
1240 2080 1321 2119 iam
1355 2077 1533 2119 ulterius
1565 2076 1717 2118 infruc-

188 2154 311 2192 tuosa
342 2151 653 2204 perseuerantia
679 2151 932 2193 clamaturos
959 2150 1011 2191 ad
1037 2149 1330 2204 expellendum
1358 2148 1454 2190 hinc
1488 2147 1716 2197 hominem,

189 2234 312 2274 quem
357 2221 508 2263 saltem
554 2221 799 2264 deberemus
843 2221 994 2263 habere
1039 2221 1242 2262 uicinum.
1286 2220 1389 2261 mihi
1435 2221 1575 2260 autem
1622 2220 1718 2271 quia

189 2292 413 2334 uidebatur
438 2293 795 2335 uehementiorem
824 2305 967 2335 eorum
995 2292 1179 2334 dolorem
1207 2293 1305 2344 post
1330 2290 1435 2332 hanc
1467 2289 1716 2332 iurationem

239 2478 259 2512 3
284 2478 438 2512 inuitum
464 2489 519 2512 me
551 2477 585 2511 U
678 2479 707 2512 si
741 2477 775 2511 Γ
844 2479 864 2512 5
892 2476 950 2522 de}
979 2488 999 2511 a
1031 2476 1064 2512 U
1134 2475 1344 2510 suadentem
1378 2474 1411 2508 T
1481 2475 1501 2508 6
1529 2474 1715 2507 seruaui—

192 2536 380 2572 detinebar
405 2537 470 2581 bis,
496 2538 652 2572 alterum
677 2548 721 2571 m.
750 2541 768 2571 1
793 2548 871 2581 exp.
898 2537 941 2570 H
1011 2537 1029 2570 ‘a'
1058 2536 1171 2570 utrius
1203 2535 1236 2569 Τ
1307 2536 1328 2569 9
1354 2533 1544 2568 detinebar
1570 2536 1601 2575 (r
1627 2544 1671 2567 m.
1695 2536 1719 2566 2

194 2598 232 2630 in
258 2598 345 2638 ras.)
371 2596 403 2630 V
452 2597 494 2631 13
516 2600 690 2631 metuems
709 2596 751 2630 Η
802 2596 844 2630 14
864 2595 941 2640 sed]
970 2596 1000 2630 si
1025 2595 1057 2629 T
1111 2595 1153 2629 19
1180 2594 1344 2629 fortassis
1371 2593 1401 2627 ei
1428 2592 1463 2627 U
1509 2593 1550 2626 21
1580 2593 1715 2634 aestus}

193 2656 308 2690 exitus
340 2655 442 2692 codd.
476 2658 596 2690 aestus
627 2655 706 2690 edd.
853 2657 889 2689 et
919 2650 952 2698 (ε’
984 2666 1028 2691 m.
1062 2657 1087 2688 2
1120 2654 1158 2688 in
1185 2664 1278 2695 1·‹ts.;
1303 2653 1429 2696 fuitne
1455 2650 1526 2696 u?)
1560 2650 1591 2684 V
1617 2654 1655 2684 ut
1688 2650 1719 2682 1·

189 2715 237 2749 22
263 2717 407 2749 sanctus
432 2725 513 2758 θυι,
539 2715 579 2749 in
604 2726 715 2759 mara.
742 2726 786 2749 m.
813 2716 838 2748 2
864 2713 952 2750 add.
983 2714 1018 2749 U
1124 2713 1168 2748 23
1195 2712 1362 2757 pinianus
1395 2710 1428 2744 ζ’
1530 2710 1576 2744 24
1603 2710 1717 2743 iurare

191 2773 326 2818 populo
356 2772 390 2807 T
435 2775 480 2808 25
507 2774 652 2812 omnino
679 2772 880 2808 discederet
905 2785 938 2807 m
989 2773 1033 2807 27
1060 2771 1329 2817 perseuerantia
1355 2772 1408 2812 (nt
1435 2780 1478 2803 ea:
1503 2780 1540 2803 ra
1568 2779 1610 2802 m.
1633 2771 1663 2802 1>
1683 2768 1718 2802 R
