1952 3118
515 117 869 162 epistularum
909 116 1101 152 CLXVIII.
1142 116 1295 152 CLXIX.
1582 119 1663 160 611

137 260 227 288 eius
268 247 543 288 abiecerimus
583 247 748 297 erroris,
788 247 828 287 in
869 247 947 287 hoc
987 247 1113 287 etiam
1153 259 1262 288 nunc
1295 247 1451 301 gratias
1485 247 1667 300 agimus,

137 318 247 370 quod
273 318 388 361 haec.
422 331 527 371 quae
554 321 647 358 ante
675 317 945 359 credidimus.
979 330 1087 359 nunc
1121 318 1214 358 aliis
1248 318 1405 371 aperire
1440 318 1666 359 didicimus

136 389 247 429 uiam
294 389 510 430 facilitatis
556 388 748 430 uberiore
793 389 1029 430 sanctitatis
1075 392 1171 429 tuae
1217 402 1408 430 sermone
1448 389 1666 443 pandente.

195 459 268 513 {Et
316 460 397 500 alia
436 457 598 515 manu:]
639 459 898 500 Incolumem
944 459 1249 501 beatitudinem
1290 463 1406 501 tuam
1451 461 1668 514 nostrique

96 548 110 571 s.
139 543 364 571 memorem
399 530 689 572 misericordia
722 530 788 571 dei
820 530 955 572 nostri
988 530 1197 585 glorificet
1228 531 1268 572 in
1304 534 1532 572 aeternum.

817 670 997 712 CLXIX.

0 759 73 815 {Il
202 764 244 806 Si
285 778 345 806 ea.
388 777 491 817 quae
526 777 592 805 me
631 764 766 818 magis
806 767 1025 818 occupant,
1067 778 1089 805 a
1130 765 1282 817 quibus
1316 765 1354 805 in
1390 765 1502 806 aliud
1537 765 1669 806 auerti

0 842 1 845 ’
142 837 249 886 nolo,
290 836 492 877 sanctitas
526 839 599 876 tua
631 848 756 876 nosse
790 835 895 876 tanti
928 835 1067 888 habet,
1101 836 1224 877 mitte
1258 836 1455 889 aliquem.
1489 837 1559 889 qui
1594 837 1670 877 tibi

140 907 363 949 describat.
403 907 486 948 iam
521 907 631 948 enim
665 907 786 960 plura
817 907 1001 959 perfecta
1035 910 1144 957 sunt,
1186 920 1291 960 quae
1326 907 1403 949 hoc
1438 920 1543 948 anno
1578 910 1671 948 ante

82 999 112 1022 ιο
143 978 297 1031 pascha
334 978 639 1031 propinquante
679 977 1003 1031 quadragesima
1042 991 1063 1018 a
1102 978 1223 1019 nobis
1263 979 1430 1019 fuerant
1462 978 1670 1019 inchoata.

138 1063 233 1090 nam
278 1048 414 1090 tribus
458 1048 544 1089 illis
588 1048 707 1089 libris
754 1049 803 1089 de
850 1049 1022 1090 ciuitate
1068 1048 1134 1089 dei
1180 1055 1323 1090 contra
1362 1049 1671 1091 daemonicolas

140 1121 332 1161 inimicos
360 1120 450 1161 eius
479 1119 584 1161 duos
612 1120 717 1161 alios
744 1119 998 1169 addidimus,
1027 1120 1180 1173 quibus
1209 1120 1391 1174 quinque
1418 1120 1538 1161 libris
1567 1120 1671 1161 satis

141 1191 406 1245 disputatum
434 1191 610 1232 arbitror
637 1191 840 1232 aduersus
869 1204 954 1241 eos,
989 1191 1058 1244 qui
1094 1195 1263 1245 propter
1294 1191 1526 1245 praesentis
1561 1191 1674 1232 uitae

140 1263 387 1304 felicitatem
426 1262 525 1303 deos
566 1262 763 1303 colendos
802 1264 954 1315 putant
992 1275 1166 1315 eamque
1205 1263 1450 1304 felicitatem
1492 1275 1514 1303 a
1553 1262 1672 1303 nobis

86 1353 113 1377 ιε,
141 1333 333 1386 impediri
379 1333 595 1386 opinantes
643 1332 882 1375 Christiano
928 1333 1086 1374 nomini
1130 1333 1272 1374 infesti
1318 1336 1429 1374 sunt.
1475 1333 1674 1386 deinceps

142 1404 363 1445 dicendum
392 1406 469 1454 est,
505 1404 617 1445 sicut
642 1404 775 1458 primo
803 1404 910 1445 libro
938 1404 1118 1457 polliciti
1152 1417 1315 1446 sumus.
1349 1405 1553 1445 aduersus
1588 1417 1672 1454 eos,

143 1475 214 1528 qni
234 1478 403 1529 propter
424 1475 555 1516 uitam
582 1478 679 1528 post
705 1477 880 1516 mortem
909 1475 1093 1516 futuram
1123 1475 1406 1517 necessarium
1434 1475 1676 1516 existimant

143 1548 305 1588 cultum
343 1547 514 1588 deorum
555 1560 741 1597 suorum,
782 1550 953 1600 propter
991 1560 1115 1600 quam
1155 1547 1288 1588 uitam
1329 1559 1404 1589 nos
1446 1547 1674 1589 Christiani

265 1698 307 1731 16
335 1696 377 1731 de
406 1697 473 1731 eiu.
502 1696 559 1730 dei
586 1696 601 1730 I
629 1697 673 1731 36

193 1780 208 1814 1
238 1780 432 1813 abiecimus
465 1779 498 1814 U
582 1780 602 1813 2
629 1779 696 1813 hoc
722 1778 771 1812 L¹
797 1779 864 1813 hoc
892 1782 926 1821 (o
954 1783 1047 1823 eaep.)
1082 1779 1117 1814 U
1217 1779 1421 1825 didicimus]
1452 1779 1608 1814 didimus
1644 1779 1678 1814 l*

143 1841 163 1871 3
191 1838 398 1884 precidente
425 1839 473 1873 F¹
579 1840 600 1872 4
626 1839 822 1883 uestrique,
850 1850 891 1874 m.
921 1840 946 1872 2
973 1839 1158 1883 nostrique
1184 1838 1235 1872 F¹
1262 1850 1455 1884 nunquam,
1482 1850 1528 1876 m.
1556 1842 1580 1873 2
1607 1851 1671 1874 no-

145 1899 281 1943 strique
303 1898 341 1932 F
412 1900 431 1931 ι’)
459 1909 631 1932 merorem
658 1898 706 1932 L¹
734 1908 877 1941 merem,
904 1909 948 1932 m.
978 1899 1003 1931 2
1028 1909 1221 1932 memorem
1248 1897 1299 1931 F²

288 2015 322 2048 1¹
358 2031 402 2044 =
430 2015 505 2049 cod.
534 2015 735 2049 Parisinus
760 2026 845 2049 nou.
875 2026 951 2058 aeq.
980 2017 1081 2049 1444
1107 2025 1133 2049 s.
1163 2015 1234 2051 XI.

293 2074 325 2108 T
360 2091 403 2102 r:
431 2074 506 2108 cod.
539 2074 726 2108 Trecensis
755 2077 806 2108 40
831 2085 857 2108 s.
887 2074 1006 2107 XIII.

287 2133 330 2167 H
361 2150 403 2161 z
433 2133 509 2167 cod.
537 2132 636 2166 Mus.
664 2133 761 2167 Brit.
788 2132 899 2166 Harl.
930 2135 1034 2166 3107
1058 2144 1085 2166 s.
1113 2133 1234 2167 XIII.

288 2192 324 2226 R
357 2208 399 2220 z
427 2192 504 2226 cod.
539 2192 745 2226 Vaticanus
774 2194 851 2225 494
877 2203 904 2226 s.
933 2192 1046 2225 XIII
1069 2203 1120 2226 επ.

297 2251 329 2284 V
358 2268 401 2280 >z-
429 2251 504 2285 cod.
540 2251 746 2285 Vaticanus
776 2252 853 2284 495
878 2262 905 2285 s.
935 2251 1021 2284 XV.

295 2309 328 2343 Γ
357 2326 400 2339 =
428 2310 504 2344 cod.
540 2310 745 2344 Vaticanus
774 2311 851 2343 499
875 2320 902 2343 s.
930 2309 1017 2344 XV.

194 2426 325 2471 Incipit
365 2426 520 2471 epistula
556 2426 655 2460 beati
695 2426 878 2470 augustini
919 2426 1076 2471 episcopi
1117 2426 1161 2460 ad
1195 2426 1360 2460 euodium
1395 2427 1599 2471 episcopum
1635 2426 1677 2459 de

146 2486 311 2519 trinitate
345 2489 381 2519 et
413 2484 577 2520 columba
603 2485 638 2519 1³
668 2485 824 2529 epistula
856 2486 970 2519 sancti
998 2485 1052 2527 (U
1076 2485 1188 2529 beati)
1222 2486 1404 2530 augustini
1440 2485 1483 2519 ad
1511 2484 1677 2519 euodium

149 2545 191 2578 «lc
218 2545 382 2578 trinitate
413 2548 449 2578 et
476 2545 641 2578 columba
667 2544 777 2578 TVU
800 2546 1015 2587 augustinus
1043 2545 1172 2579 euodio
1194 2544 1237 2578 de
1259 2545 1424 2578 trinitate
1451 2548 1488 2578 et
1513 2543 1677 2578 columba

153 2603 224 2637 IIR
358 2604 640 2648 inscriptionem
666 2614 731 2638 om.
760 2603 872 2637 PVU
897 2605 1111 2648 augustinus
1138 2605 1326 2649 episcopus
1355 2603 1482 2637 euodio
1511 2604 1678 2648 episcopo

156 2662 262 2696 THR
289 2662 367 2697 edd.
444 2662 463 2696 7
490 2674 545 2696 me
573 2674 639 2697 om.
672 2662 857 2697 THRVU
931 2664 951 2697 9
978 2663 1112 2697 scribat
1145 2662 1216 2698 VU
1290 2664 1330 2697 13
1359 2663 1454 2697 uitae
1482 2662 1679 2707 praesentis

157 2722 185 2755 T
259 2723 301 2756 14
329 2721 678 2756 ‹elcosvfelicitatem
706 2733 774 2756 om.
802 2722 844 2756 H
919 2724 960 2757 15
988 2726 1072 2756 sunt
1098 2723 1222 2756 infesti
1256 2721 1445 2757 THRVU

1566 2791 1631 2825 39*
