1844 3122
78 987 108 1013 10

611 201 962 247 epistularum
1003 201 1178 237 CXXVII.
1608 206 1663 246 29

134 333 300 374 nomine
334 332 517 385 corporis
551 331 825 384 nuncupauit.
859 331 933 373 sed
966 343 1061 373 cum
1094 330 1211 372 illam
1243 332 1328 372 tam
1356 333 1542 384 paratam
1570 344 1664 373 esse

134 403 302 445 audiam
335 403 411 445 deo
446 403 584 445 dicare
618 402 930 453 continentiam,
956 404 1005 444 ut
1037 414 1083 444 eo
1112 401 1201 444 solo
1229 401 1495 455 impediatur,
1524 401 1560 443 si
1586 402 1663 444 tibi

134 475 322 516 debitum
350 474 521 516 reddere
549 474 759 530 coniugali
791 474 880 515 iure
913 473 1195 528 compellitur,
1223 473 1345 515 ambo
1380 473 1455 515 deo
1488 472 1662 523 reddite,

134 545 246 600 quod
278 545 400 588 ambo
428 545 626 596 uouistis,
654 549 703 586 ut
733 545 796 586 illi
823 545 1101 599 persoluatur,
1130 544 1242 598 quod
1275 544 1324 585 ab
1353 544 1555 586 alterutro
1582 557 1661 585 non

134 616 315 671 exigitis.
349 616 385 658 si
424 616 680 658 continentia
718 616 852 657 uirtus
892 618 969 666 est,
1004 615 1129 657 sicuti
1168 617 1246 666 est,
1280 627 1354 657 cur
1391 614 1443 656 ad
1483 628 1573 656 eam
1609 615 1665 656 sit

132 687 363 742 promptior
395 700 517 729 sexus
551 687 765 737 infirmior,
799 700 895 729 cum
928 687 1064 729 uirtus
1098 699 1122 728 a
1148 686 1239 728 uiro
1272 686 1416 740 potius
1451 686 1662 741 cognomi-

133 761 230 801 nata
261 758 467 809 uideatur,
495 758 607 800 sicut
639 758 874 800 similitudo
907 757 1106 800 uocabuli
1132 760 1326 800 resonat?
1360 757 1444 800 noli
1472 770 1570 812 ergo
1597 758 1665 799 uir

133 830 354 872 abhorrere
392 842 415 870 a
453 829 624 879 uirtute,
671 842 795 883 quam
840 829 994 871 mulier
1037 832 1103 871 est
1146 831 1290 882 parata
1333 829 1562 882 suscipere.
1608 829 1663 870 sit

132 903 275 943 uester
306 913 534 943 consensus
568 900 724 943 oblatio
759 901 810 942 ad
843 912 1070 954 supernum
1099 900 1227 942 altare
1255 900 1455 942 creatoris
1483 902 1525 942 et
1549 899 1663 942 uicta

134 972 474 1026 concupiscentia
499 974 616 1013 tanto
643 971 794 1014 fortius
821 974 976 1025 quanto
1003 971 1189 1014 sanctius
1217 971 1433 1013 uinculum
1461 971 1664 1013 caritatis

134 1043 392 1097 gaudeamus
426 1043 475 1084 de
508 1043 629 1086 uobis
656 1043 696 1085 in
724 1043 952 1085 abundanti
980 1043 1115 1097 gratia
1142 1042 1312 1094 Christi,
1341 1042 1498 1084 domini
1525 1042 1662 1084 eximii

133 1114 367 1167 meritoque
400 1114 664 1156 honorabiles
698 1116 740 1156 et
772 1114 1073 1156 desiderabiles
1107 1113 1196 1157 filii.

253 1278 273 1312 6
302 1276 375 1313 Cic.
404 1276 506 1312 Tusc.
533 1277 623 1322 disp.
651 1277 687 1311 II
715 1278 769 1319 18,
796 1278 842 1312 43

184 1361 200 1395 1
228 1361 387 1406 nomine]
415 1372 484 1394 non
512 1365 552 1395 iffi
578 1358 628 1394 Ρ2
742 1359 886 1395 audiam
913 1371 990 1395 esse
1017 1360 1133 1395 HPE
1250 1360 1270 1393 2
1299 1358 1428 1402 dicere,
1455 1371 1499 1394 m.
1526 1363 1546 1394 1
1571 1370 1661 1394 corr.

135 1420 254 1455 dicare
280 1419 328 1454 Ρ1
401 1420 422 1454 3
450 1419 620 1462 debitam,
646 1431 690 1453 m.
717 1422 737 1453 1
762 1430 854 1455 corr.
881 1419 1043 1454 debitum
1069 1420 1113 1453 H
1182 1419 1420 1464 compellitur,
1445 1430 1488 1453 m.
1517 1421 1542 1454 2
1568 1430 1664 1453 com-

133 1479 290 1525 pellatur
314 1478 365 1514 122
390 1478 576 1524 compellit
601 1479 639 1513 E
661 1478 899 1524 compellatur
924 1479 1002 1513 ΗΡ
1127 1478 1192 1513 deo
1220 1480 1253 1522 (o
1281 1489 1323 1514 ex
1349 1478 1360 1512 i
1388 1490 1431 1515 m.
1458 1482 1500 1513 ut
1524 1478 1602 1514 uid.
1628 1482 1661 1522 1>

133 1537 184 1573 12²
279 1538 427 1572 reddere
452 1538 487 1571 A
579 1539 600 1572 4
628 1538 670 1572 ab
698 1548 766 1575 om.
792 1538 841 1572 M
935 1540 954 1573 5
983 1538 1153 1583 exegistis
1183 1537 1213 1571 C
1307 1538 1423 1573 secuti
1447 1538 1482 1572 A
1581 1549 1665 1572 cura

134 1597 343 1641 deamlsf'sls,
369 1609 414 1632 m.
442 1599 467 1631 2
492 1608 552 1631 cur
578 1596 624 1631 ad
651 1596 824 1631 eamm‘s‘ffs‘ssl
852 1600 941 1639 (ras.
970 1599 1071 1632 2-—3
1098 1597 1135 1641 l.)
1161 1596 1211 1632 P2
1358 1597 1378 1631 6
1407 1597 1603 1643 promtiora
1628 1600 1662 1641 (a

134 1656 216 1700 dez.)
242 1656 286 1691 H
307 1656 507 1701 promptios
533 1655 560 1689 I
665 1656 784 1701 potius
812 1667 832 1690 a
856 1656 933 1691 uiro
965 1657 994 1691 C
1101 1658 1267 1701 cognata,
1294 1667 1338 1691 m.
1366 1658 1385 1690 1
1410 1665 1501 1691 corr.
1529 1667 1663 1701 cogno-

132 1716 269 1750 minata
293 1714 337 1749 H
432 1715 450 1749 7
479 1715 533 1749 uir
558 1726 624 1750 om.
651 1716 688 1750 P
777 1716 797 1750 8
825 1715 988 1751 aberrare
1013 1716 1062 1751 Ρι
1159 1716 1258 1761 muli,
1283 1727 1328 1751 m.
1354 1720 1396 1751 ut
1423 1716 1498 1751 uid.
1526 1719 1545 1750 1
1572 1727 1661 1750 corr.

131 1774 260 1809 mulier
285 1774 329 1808 H
423 1774 473 1808 sic
498 1774 546 1808 12¹
640 1775 660 1809 9
687 1774 799 1809 altere
826 1776 931 1818 (corr.
960 1775 1089 1819 altare)
1116 1791 1148 1809 aa·
1176 1775 1202 1809 I
1293 1775 1333 1810 11
1364 1775 1598 1821 gaudeamus]
1627 1781 1662 1810 et

133 1834 203 1868 alia
228 1844 335 1868 manu
363 1833 585 1878 gaudeamus
611 1833 726 1868 HPE
844 1835 880 1869 in
906 1834 1158 1869 habundantia
1184 1835 1304 1880 gratia
1329 1835 1357 1870 Ι
1378 1835 1413 1869 in
1441 1834 1663 1869 abundantia

133 1893 270 1938 gratiae
296 1893 344 1927 Ρ1
443 1892 597 1937 domine,
624 1904 715 1928 corr.
743 1896 800 1937 (m.
828 1897 847 1928 1
874 1893 906 1937 ?>
934 1894 1067 1929 domini
1088 1894 1136 1929 P¹
1214 1895 1255 1929 12
1283 1894 1543 1934 desiderabilis,
1571 1906 1615 1928 m.
1638 1897 1664 1928 2

133 1951 388 1987 desiderabiles
415 1952 440 1986 Ι
