1952 3118
67 580 90 620 κἸ

122 952 152 976 10

679 169 1030 213 epistularum
1072 169 1231 205 CXLIII.
1634 174 1718 214 257

188 299 340 340 habent
378 299 489 353 quod
532 302 817 341 suscenseant.
858 302 1024 341 constat
1057 300 1225 354 quippe,
1258 300 1338 342 nisi
1377 301 1513 352 fallor,
1547 302 1717 343 eandem

187 383 364 420 carnem,
399 371 564 412 etiamsi
598 383 676 412 non
709 370 815 411 uitio
851 372 923 411 sed
957 374 1104 412 natura
1135 371 1298 412 infirma
1331 373 1407 422 est,
1441 375 1582 414 tamen
1623 376 1721 426 post

185 444 404 495 peecatum
451 443 641 495 coepisse
685 441 813 490 nasci,
853 442 950 494 quia
994 455 1128 495 neque
1167 442 1226 483 ita
1271 446 1436 484 creatus
1481 446 1547 485 est
1582 444 1715 485 Adam

184 525 317 565 neque
350 513 534 566 aliquem
567 512 713 566 genuit
745 514 839 552 ante
873 514 1108 564 peccatum.

243 581 455 634 Quaerant
487 595 584 637 ergo
617 583 713 632 alia,
748 595 853 635 quae
886 584 997 623 recte
1029 583 1345 636 reprehendant,
1379 596 1458 625 non
1499 584 1636 625 solum
1677 585 1715 626 in

182 655 276 696 aliis
315 655 585 696 festinantius
625 653 750 695 editis
790 666 937 694 uerum
972 653 1098 694 etiam
1132 654 1172 694 in
1216 654 1282 694 his
1315 654 1419 707 ipsis
1458 654 1577 696 libris
1610 656 1716 697 meis

181 726 230 766 de
264 726 396 766 libero
430 725 615 766 arbitrio.
644 737 777 777 neque
812 724 921 765 enim
956 737 1026 765 eos
1053 724 1300 766 inuenturos
1328 738 1448 779 nego,
1476 726 1585 767 unde
1612 727 1714 767 mihi

181 803 222 838 et
254 795 502 838 beneficium
539 796 765 845 conferant,
801 795 1011 848 quoniam,
1047 796 1082 837 si
1115 796 1190 847 illi,
1224 795 1335 849 quod
1367 796 1451 837 iam
1483 796 1522 837 in
1562 797 1715 838 multo—

179 881 269 909 rum
315 880 463 909 manus
509 867 709 917 exierunt,
750 866 899 921 corrigi
945 880 1023 908 non
1070 870 1263 921 possunt,
1310 880 1387 921 ego
1433 870 1557 917 certe,
1603 869 1711 921 quod

178 939 278 980 uiuo
306 938 455 988 adhuc,
484 951 670 992 possum.
699 939 799 979 haec
827 942 969 979 autem
996 938 1127 979 uerba
1152 941 1239 979 tam
1266 940 1389 980 caute
1416 951 1439 979 a
1465 951 1530 979 me
1562 939 1713 993 posita,

177 1012 225 1051 ut
257 1009 361 1050 nulli
395 1009 445 1050 de
480 1008 642 1049 animae
676 1011 820 1049 exortu
855 1010 1054 1060 quattuor
1085 1009 1256 1049 illarum
1289 1008 1474 1061 opinioni
1507 1008 1713 1051 rationiue

175 1081 518 1134 praescriberem.
558 1080 601 1120 hi
646 1082 812 1120 tantum
857 1079 1175 1132 reprehendant,
1216 1080 1286 1132 qui
1331 1080 1710 1133 reprehendendam

175 1154 324 1205 putant
357 1152 530 1193 eandem
564 1151 698 1204 ipsam
733 1151 782 1192 de
815 1164 857 1192 re
890 1156 976 1191 tam
1010 1151 1190 1192 obscura
1223 1151 1533 1193 cunctationem
1562 1165 1710 1193 meam.

175 1226 319 1264 contra
351 1235 455 1276 quos
490 1236 556 1264 me
590 1235 669 1263 non
705 1222 897 1271 defendo,
931 1222 1041 1275 quod
1075 1224 1187 1263 recte
1222 1222 1371 1264 faciam
1404 1223 1444 1263 in
1478 1223 1554 1263 hac
1588 1236 1711 1276 quae-

135 1310 148 1332 s,
176 1294 311 1335 stione
345 1294 543 1345 cunctari,
578 1306 670 1334 cum
706 1294 874 1335 omnino
908 1306 985 1334 non
1021 1293 1210 1335 dubitem
1245 1297 1286 1334 et
1317 1294 1582 1335 inmortalem
1616 1307 1709 1336 esse

174 1365 352 1406 animam
384 1378 463 1406 non
493 1366 552 1406 ita
578 1368 627 1406 ut
653 1365 771 1414 deus,
801 1365 882 1418 qui
917 1366 1057 1406 solus
1091 1365 1240 1406 habet
1273 1365 1708 1407 inmortalitatem.

173 1437 245 1477 sed
285 1436 407 1477 modo
449 1436 630 1489 quodam
671 1436 735 1477 sui
776 1437 938 1490 generis
979 1438 1021 1477 et
1059 1449 1148 1477 eam
1196 1448 1288 1477 esse
1335 1439 1582 1486 creaturam,
1629 1449 1707 1478 non

172 1507 451 1548 substantiam
479 1508 677 1548 creatoris
705 1510 746 1548 et
773 1508 806 1548 si
835 1507 934 1560 quid
956 1507 1070 1548 aliud
1092 1507 1141 1548 de
1165 1510 1310 1548 natura
1330 1507 1420 1548 eius
1442 1507 1705 1549 certissimus

169 1581 304 1620 teneo.
345 1579 418 1619 sed
458 1579 555 1631 quia
593 1579 671 1620 hoe
711 1591 776 1619 me
816 1579 950 1620 facere
996 1578 1213 1632 compellit
1258 1578 1307 1619 (16
1352 1578 1513 1619 animae
1559 1582 1702 1620 exortu

112 1668 127 1683 ο
170 1649 546 1703 caliginosissimae
574 1650 834 1703 quaestionis
856 1650 1107 1698 obscuritas,
1129 1662 1297 1690 manum
1324 1649 1466 1701 potius
1490 1649 1702 1703 porrigant

170 1720 382 1761 confitenti
416 1724 469 1762 et.
505 1720 706 1773 quicquid
740 1721 846 1761 illud
880 1724 955 1769 est,
992 1733 1114 1761 nosse
1149 1720 1334 1773 cupienti
1368 1722 1410 1760 et
1442 1719 1631 1769 doceant,
1667 1721 1700 1761 si

289 1860 329 1893 1ss
359 1860 370 1893 1
400 1859 490 1893 Tim.
519 1862 550 1894 6.
581 1860 622 1893 1ss

218 1943 229 1975 l
260 1945 481 1986 succenseat,
507 1954 551 1977 m.
581 1945 605 1976 :2
631 1946 868 1977 succenseant
893 1942 936 1976 K
989 1944 1009 1977 2
1037 1943 1177 1977 infirma
1203 1953 1280 1977 esse
1310 1944 1340 1978 C
1363 1943 1539 1977 infirmam
1566 1954 1642 1977 esse
1662 1942 1704 1976 K

167 2001 304 2036 infirma
323 2018 338 2033 a·
365 2001 460 2044 (fuit
489 2004 519 2044 c)
588 2002 619 2036 G
734 2004 754 2036 3
782 2002 834 2036 ita
860 2013 939 2041 om,
968 2014 1011 2036 m.
1040 2005 1058 2035 1
1085 2002 1170 2038 add.
1201 2002 1235 2037 (τ’
1351 2003 1371 2035 5
1399 2001 1527 2046 solum]
1555 2013 1632 2035 sum
1660 2001 1702 2035 K

165 2062 184 2091 (3
211 2060 418 2094 festinatius
447 2060 586 2103 PMK;
611 2062 656 2105 cf.
684 2072 735 2105 ep.
762 2061 921 2095 CXXII
937 2073 974 2105 p.
998 2063 1087 2104 743,
1109 2064 1159 2095 24
1218 2063 1236 2096 7
1264 2061 1366 2098 libro.
1399 2073 1441 2095 m.
1466 2064 1491 2095 2
1516 2061 1627 2095 libero
1650 2060 1698 2094 Ρ1

164 2119 183 2151 8
211 2121 248 2153 et
273 2130 340 2155 om.
370 2120 400 2153 (J
424 2120 504 2154 edd.
606 2120 700 2164 quod
727 2120 813 2164 iam!
844 2120 996 2164 quenda,
1025 2132 1068 2155 m.
1097 2123 1122 2154 2
1149 2121 1209 2165 qui
1236 2120 1379 2166 quenda
1405 2120 1452 2155 M
1535 2121 1556 2154 9
1583 2120 1695 2164 qu0d1

163 2178 395 2223 quoadusque
426 2178 458 2212 G
487 2179 655 2223 quoniam
682 2179 761 2213 edd.
823 2180 865 2213 10
892 2179 1002 2213 uerba
1028 2191 1107 2219 om..
1136 2191 1179 2214 m.
1208 2182 1233 2213 2
1258 2180 1344 2216 add.
1366 2180 1409 2213 H
1480 2182 1554 2214 tam
1575 2180 1694 2221 caute!

162 2248 240 2271 mea
258 2238 309 2272 ita
329 2238 375 2271 1²1
431 2239 467 2272 11
495 2242 665 2283 quattuor
692 2243 811 2273 antem
839 2239 978 2273 illarum
1004 2240 1034 2273 (J
1084 2241 1125 2273 12
1155 2240 1394 2284 praescribere
1420 2240 1509 2273 mihi
1530 2240 1564 2273 P
1587 2238 1693 2281 (med.

162 2297 173 2330 i
194 2307 285 2331 eras.
306 2309 349 2332 m.
366 2301 392 2332 2
411 2298 687 2343 praescriberem
710 2298 759 2340 hi)
776 2298 815 2332 K
834 2298 1112 2343 praescriberem
1133 2299 1168 2332 in
1193 2298 1277 2333 AP1
1296 2300 1355 2343 (m,
1373 2302 1398 2333 2
1418 2298 1693 2344 praescriberem

160 2355 211 2398 hi)
236 2358 515 2401 praescriberem
536 2357 588 2391 hii
612 2358 645 2391 G
718 2357 1060 2402 reprehendandam‚
1081 2369 1126 2392 m.
1149 2361 1167 2392 1
1186 2369 1278 2393 corr.
1301 2357 1631 2404 reprehendendam
1651 2357 1695 2390 M

164 2416 205 2448 13
226 2415 269 2450 de
290 2428 325 2450 re
347 2417 507 2460 obscura,
527 2428 572 2451 m.
593 2421 612 2450 1
630 2428 719 2451 corr.
743 2416 785 2450 dc
807 2428 842 2450 rc
863 2419 937 2450 tam
959 2417 1109 2451 obscura
1133 2417 1167 2452 G
1194 2417 1333 2452 de-reta
1353 2418 1526 2461 (fortas-se
1545 2428 1561 2450 c
1581 2427 1672 2449 era-s,
1689 2428 1699 2450 :

159 2485 203 2508 m.
226 2476 250 2508 2
269 2474 492 2509 disiunctum
519 2486 555 2509 re
581 2477 631 2509 ta1
662 2475 825 2509 obscura·
860 2477 906 2516 (m
933 2485 1026 2509 eras.
1061 2474 1094 2518 .9)
1126 2475 1174 2509 Pl
1202 2475 1377 2510 directum
1406 2475 1558 2509 obscura
1584 2476 1641 2516 (m.
1671 2477 1695 2507 :3

161 2532 324 2574 obscura)
346 2533 391 2566 M
409 2533 582 2568 directam
601 2534 787 2568 obscuram
808 2535 841 2568 A
895 2534 937 2568 14
958 2533 1068 2579 quod]
1093 2546 1162 2579 quo
1184 2535 1231 2573 P*
1269 2536 1310 2569 17
1335 2534 1489 2580 quodam
1508 2544 1587 2573 om.‚
1611 2544 1653 2567 m.
1677 2536 1694 2566 1

161 2591 244 2625 add.
277 2592 312 2625 H
393 2596 513 2626 creata
539 2593 581 2626 M
662 2595 700 2627 18
728 2593 965 2627 certissimum
993 2593 1115 2627 PMK
1139 2594 1218 2628 edd.
1298 2595 1338 2627 19
1365 2593 1409 2627 (16
1437 2593 1555 2626 anima
1580 2594 1637 2632 (m.
1668 2594 1693 2625 2

160 2651 312 2694 animae)
339 2654 480 2685 csttu
510 2652 544 2694 (h
572 2663 683 2694 cras.;
709 2663 752 2686 ex
778 2664 792 2685 s
819 2663 863 2685 m.
892 2655 909 2685 1
936 2663 951 2685 ι·
969 2651 1102 2695 socies-e
1130 2653 1219 2695 uid.)
1245 2652 1292 2686 M
1417 2653 1462 2685 20
1490 2651 1690 2696 caligiosis-

158 2710 267 2752 simae
281 2710 362 2744 PM
372 2711 631 2744 caliosissimae
650 2712 683 2745 A
759 2711 1000 2756 quaestiones,
1016 2722 1060 2744 m.
1077 2714 1095 2745 1
1108 2723 1197 2746 corr.
1216 2711 1437 2756 quaestionis
1455 2710 1501 2744 M
1570 2710 1690 2754 potius

158 2778 223 2802 om.
252 2768 296 2801 M
369 2769 522 2813 porriga,
551 2781 594 2805 m.
621 2774 661 2804 ut
687 2770 763 2805 uid.
793 2774 817 2804 :3
843 2769 928 2804 add.
956 2773 997 2803 nt
1025 2770 1058 2804 G
1123 2771 1161 2804 21
1195 2774 1232 2804 et
1258 2769 1425 2814 doceant]
1455 2769 1633 2804 edoceant
1657 2767 1688 2803 G

202 2850 372 2876 xxxxnil
396 2853 476 2883 Aug.
500 2856 574 2877 sect.
597 2853 622 2877 11
646 2860 713 2884 pars
734 2855 759 2879 3.
1600 2839 1640 2872 Ῑτ
