1952 3118
733 152 1086 197 epistularum
1127 152 1213 187 CLI.
1653 159 1742 199 387

213 282 324 324 beati
366 282 560 336 Cypriani
611 284 700 323 erat
749 281 939 334 pridiana
989 282 1267 335 sollemnitas,
1320 284 1575 336 existimaui,
1627 287 1737 339 quod

211 353 336 395 etiam
369 353 543 408 elegerit
575 352 700 402 diem,
735 365 816 406 quo
851 355 892 394 et
923 353 1001 393 tibi
1035 354 1250 407 postulata
1283 355 1531 398 concederet
1569 359 1612 399 et
1648 357 1739 399 uni-

210 437 375 466 uersam
409 422 565 466 Christi
604 423 828 465 ecclesiam
867 426 1037 477 repente
1074 425 1307 466 laetificans
1354 426 1405 467 ad
1449 427 1591 469 locum
1630 428 1738 470 tanti

210 495 403 550 martyris
454 495 678 536 ascendere
724 494 908 536 uoluerit
957 495 1151 548 parcendi
1196 495 1456 551 benignitate
1501 511 1625 552 quam
1671 512 1731 541 oc·

167 581 183 605 5
209 567 370 609 cidendi
417 568 628 620 potestate
667 565 902 615 sublimior,
943 579 1037 607 cum
1078 579 1173 608 ecce
1212 567 1333 610 nobis
1373 569 1546 611 nuntius
1592 570 1736 620 inruit,

147 937 180 963 10

139 1292 172 1317 15

135 2004 168 2030 25

207 651 288 692 quo
326 638 444 691 prius
482 649 706 690 percussos
745 650 838 679 esse
877 650 1115 687 nossemus,
1155 651 1293 692 quam,
1335 653 1415 693 quo
1455 640 1579 682 modo
1620 642 1734 683 audi—

206 713 359 751 rentur.
400 721 597 762 quaerere
636 709 890 750 ualeremus.
929 709 1127 762 prouisus
1167 710 1275 751 enim
1317 713 1405 751 erat
1443 714 1484 752 et
1522 712 1736 764 proximus

206 782 322 821 locus
354 792 434 821 non
463 779 686 832 suppliciis
715 778 933 820 hominum
963 779 1193 832 deputatus
1221 780 1294 822 sed
1322 785 1565 823 ornamento
1592 783 1734 835 potius

203 851 405 899 ciuitatis,
439 850 513 892 ubi
544 849 693 891 merito
728 850 914 892 creditur
944 853 1167 904 propterea
1200 851 1406 904 quosdam
1442 854 1535 894 ante
1570 853 1736 907 aliquot

207 921 296 963 dies
328 922 506 963 iussisse
538 921 725 963 mactari.
754 934 804 963 ne
837 922 877 962 in
910 922 1006 963 istis
1039 922 1250 964 inuidiosa
1276 923 1444 965 nouitas
1472 926 1597 973 esset,
1627 937 1732 978 quos

204 993 426 1035 consilium
459 993 542 1034 fuit
574 993 633 1035 sic
661 1006 786 1047 posse
820 993 981 1046 subripi
1010 993 1226 1043 ecclesiae,
1250 993 1285 1034 si
1312 1006 1392 1035 non
1420 995 1560 1036 solum
1589 995 1730 1037 subito

202 1064 314 1105 feriri
352 1065 609 1115 iuberentur,
654 1077 803 1106 uerum
850 1064 978 1106 etiam
1029 1065 1070 1106 in
1122 1065 1214 1106 loco
1259 1065 1447 1118 proximo
1493 1066 1730 1108 ferirentur.

201 1135 303 1177 satis
323 1136 467 1189 itaque
487 1135 693 1177 indicauit
714 1136 752 1177 ei
772 1135 894 1176 matri
919 1148 962 1177 se
988 1135 1140 1177 inferre
1161 1149 1241 1177 non
1262 1135 1459 1177 timuisse
1480 1137 1729 1180 cruciatum.

200 1207 320 1248 cuius
348 1206 492 1247 timuit
516 1206 816 1257 interuentum,
839 1206 1041 1248 ecclesiae
1070 1207 1234 1248 scilicet
1260 1210 1446 1258 sanctae⁷
1469 1207 1578 1249 inter
1605 1208 1730 1250 cuius

198 1277 342 1319 fideles
376 1278 416 1319 in
451 1277 541 1318 eius
575 1277 734 1331 gremio
769 1277 1005 1330 baptizatos
1041 1279 1082 1319 et
1115 1277 1255 1331 ipsum
1287 1278 1435 1331 utique
1462 1291 1729 1320 noueramus.

196 1352 293 1403 post
326 1349 434 1390 hunc
466 1348 597 1402 igitur
627 1348 734 1389 tanti
767 1348 997 1390 moliminis
1038 1348 1210 1398 exitum,
1244 1361 1339 1390 cum
1379 1352 1466 1390 tam
1507 1349 1731 1404 diligenter

198 1420 416 1462 nobiscum
467 1422 609 1461 actum
660 1421 787 1468 esset,
834 1421 881 1460 ut
926 1419 1053 1460 etiam
1100 1432 1173 1472 per
1215 1422 1257 1460 te
1303 1419 1383 1461 etsi
1428 1421 1641 1462 nesciente
1685 1424 1727 1463 te

196 1504 324 1544 paene
358 1491 494 1533 securi
527 1493 568 1532 et
599 1503 728 1543 paene
762 1490 866 1531 certi
899 1489 948 1531 de
982 1490 1119 1531 salute
1151 1490 1321 1531 illorum
1348 1490 1481 1544 pridie
1515 1490 1725 1542 fieremus,

196 1563 289 1616 quis
322 1571 400 1604 non
434 1562 598 1612 talium,
632 1561 770 1615 qualis
804 1561 1022 1602 hominum
1056 1561 1288 1603 multitudo
1322 1564 1399 1604 est.
1435 1562 1723 1604 indubitatum

195 1633 347 1675 habeat
384 1633 510 1674 etiam
544 1647 567 1674 a
598 1635 639 1673 te
672 1633 765 1685 ipso
806 1632 928 1674 nobis
970 1632 1096 1673 uerba
1142 1632 1251 1682 data,
1297 1632 1382 1674 illis
1429 1633 1610 1674 animam
1657 1634 1727 1675 ab·

193 1704 350 1746 latam?
382 1704 488 1745 ideo.
510 1704 621 1744 sicut
642 1703 738 1752 dixi
761 1703 826 1744 uir
851 1704 970 1751 bone,
993 1704 1161 1745 etiamsi
1187 1717 1262 1746 nos
1291 1703 1369 1745 hoc
1391 1716 1471 1745 non
1496 1704 1723 1747 credimus,

193 1776 362 1831 ignosce
390 1775 892 1819 credentibus..

250 1847 376 1888 Absit
408 1850 549 1888 autem
590 1860 610 1887 a
651 1846 774 1887 corde
815 1849 855 1887 et
901 1846 1203 1900 qualicumque
1249 1816 1339 1887 uita
1383 1859 1488 1896 mea
1528 1849 1576 1887 ut
1609 1847 1719 1900 apud

193 1924 233 1959 te
265 1931 337 1972 pro
370 1918 512 1971 aliquo
545 1917 846 1959 intercederem
879 1918 948 1958 uel
982 1931 1005 1959 a
1038 1921 1078 1959 te
1119 1917 1315 1970 cuiquam
1355 1917 1606 1958 beneficium
1651 1931 1723 1972 po-

193 1989 408 2037 stularem,
430 1989 465 2030 si
493 1992 534 2030 te
561 1989 773 2030 crederem
801 1989 905 2030 tanti
933 1989 1060 2030 huius
1089 1988 1190 2030 mali
1223 1990 1266 2030 et
1292 1992 1375 2029 tam
1413 1989 1723 2030 consceleratae

192 2060 453 2102 crudelitatis
487 2064 714 2103 auctorem.
757 2060 829 2102 sed
864 2047 983 2114 plane
1017 2061 1163 2106 fateor,
1210 2059 1245 2100 si
1291 2059 1417 2100 etiam
1463 2059 1639 2113 posthac
1680 2060 1720 2100 iu

192 2145 239 2173 ea
282 2132 565 2173 familiaritate
609 2132 727 2174 estis.
773 2132 812 2172 in
860 2144 941 2184 qua
980 2138 1101 2172 antea
1141 2130 1298 2179 fuistis,
1334 2155 1389 2159 —
1422 2142 1524 2183 pace
1558 2132 1630 2171 tua
1666 2130 1722 2171 sit

192 2202 294 2243 liber
343 2202 461 2243 dolor
510 2226 563 2231 —
611 2203 794 2243 multum
845 2215 934 2243 nos.
987 2202 1099 2255 quod
1150 2201 1412 2250 nolebamus,
1460 2200 1718 2254 compellitis

191 2273 367 2314 credere.
403 2276 465 2315 est
499 2276 639 2314 autem
675 2276 1018 2315 consentaneum.
1053 2277 1099 2314 ut
1133 2285 1267 2325 neque
1306 2272 1385 2313 hoc
1432 2271 1612 2313 credam.
1647 2271 1719 2324 qui

190 2344 239 2385 de
271 2348 310 2386 te
346 2345 418 2386 illa
452 2358 529 2386 non
564 2344 699 2387 credo.
733 2344 892 2386 amicus
926 2348 1026 2386 tuus
1067 2344 1282 2397 inopinato
1328 2355 1528 2384 successu
1575 2354 1719 2396 repen-

187 2415 297 2456 tinae
330 2417 553 2469 potestatis
581 2429 657 2457 non
688 2416 824 2470 magis
854 2418 1102 2468 persecutus
1135 2418 1201 2457 est
1233 2415 1403 2456 illorum
1430 2414 1560 2455 uitam
1591 2426 1715 2466 quam

189 2490 302 2527 tuam
334 2487 499 2528 famam.
534 2500 608 2529 nec
641 2488 722 2529 ista
756 2487 897 2528 dicens
932 2486 1027 2528 odia
1054 2490 1128 2527 tua
1159 2486 1200 2526 in
1234 2485 1356 2526 illum
1391 2484 1472 2525 mei
1506 2484 1632 2524 animi
1668 2495 1714 2524 ac

235 2638 255 2671 5
287 2637 474 2672 sublimior
499 2640 529 2680 (r
553 2647 596 2671 ex
623 2648 695 2671 ras.
722 2641 754 2671 et
780 2647 892 2677 corn:
918 2640 943 2670 2
971 2638 993 2671 I.
1010 2636 1132 2680 fuisse
1156 2617 1310 2678 until>
1386 2635 1408 2668 6
1435 2633 1529 2678 quod
1558 2634 1654 2677 prius
1684 2632 1720 2666 P

192 2696 232 2730 17
259 2702 353 2730 esset
380 2701 498 2731 actum
531 2696 565 2731 U
611 2697 656 2731 20
682 2696 834 2731 liaberet
868 2695 938 2730 VU
960 2695 1039 2730 edd.
1090 2697 1192 2741 aipso
1220 2706 1286 2729 om.
1316 2692 1387 2727 Vl*
1411 2692 1489 2728 edd.
1540 2693 1584 2726 26
1607 2692 1715 2726 etiam

191 2754 220 2788 si
251 2754 285 2789 U
354 2756 399 2790 30)
425 2755 487 2790 illa
514 2756 548 2789 P
620 2756 663 2790 32
691 2755 842 2801 loquens
876 2754 948 2789 VU
969 2755 1049 2789 edd.

1599 2821 1664 2854 05*

1601 2847 1619 2855 .-
