1952 3118
193 934 216 973 [ὑ

251 94 335 133 612
729 92 762 127 S.
801 92 983 126 Aureli
1021 92 1312 137 Augustini

251 235 408 263 sumus.
461 222 618 263 dictaui
677 222 802 263 etiam
854 222 982 263 trium
1032 222 1292 274 psalmorum
1347 223 1649 276 expositionem
1701 237 1781 265 non

249 294 390 346 paruis
432 292 738 344 uoluminibus,
785 293 1035 347 sexagesimi
1075 295 1116 334 et
1162 293 1346 346 septimi,
1394 295 1698 348 septuagesimi
1741 304 1781 336 ct

250 365 387 418 primi,
429 364 735 418 septuagesimi
768 367 809 405 et
842 364 1025 417 septimi.
1066 365 1217 418 reliqui
1251 365 1436 406 nondum
1470 365 1617 406 dictati
1649 379 1782 419 neque

250 435 418 477 tractati
456 436 728 476 uehementer
766 448 788 475 a
821 436 941 476 nobis
976 437 1247 488 expectantur
1279 438 1403 489 atque
1436 436 1692 490 flagitantur.
1733 438 1781 477 ab

250 508 315 549 his
342 520 408 548 me
435 507 622 548 reuocari
650 509 691 548 et
722 507 922 548 retardari
954 507 1220 548 inruentibus
1255 507 1304 548 de
1337 508 1576 548 transuerso
1612 509 1783 561 quibus-
1828 523 1842 546 5

249 579 356 620 libet
393 578 713 631 quaestionibus
753 579 864 628 nolo,
903 579 962 619 ita
1001 581 1048 619 ut
1080 591 1155 620 1100
1188 578 1318 620 libros
1353 578 1402 619 de
1434 578 1637 629 trinitate,
1679 593 1782 632 quos

252 649 322 691 diu
362 650 402 690 in
442 649 637 691 manibus
672 662 794 692 uerso
829 650 1100 704 nondumque
1136 650 1361 703 compleui,
1403 650 1525 691 modo
1561 650 1783 692 adtendere

251 721 395 771 uelim,
437 721 635 774 quoniam
675 721 799 762 nimis
834 721 998 775 operosi
1039 723 1137 762 sunt
1176 724 1216 762 et
1256 734 1277 762 a
1309 721 1455 774 paucis
1491 734 1560 762 eos
1594 721 1784 776 intellegi

251 805 374 846 posse
415 792 603 834 arbitror.
643 792 751 834 unde
790 793 926 846 magis
966 794 1131 847 urgent,
1173 805 1278 845 quae
1317 792 1510 846 pluribus
1543 792 1665 833 utilia
1697 793 1783 834 fore

252 877 483 918 speramus.

310 935 403 977 Non
443 936 567 984 enim,
608 937 656 976 ut
695 935 860 985 scribis,
908 936 1012 988 ‘qui
1051 935 1285 989 ignorat,
1331 935 1694 989 ignorabitur‘
1735 935 1784 976 de

251 1007 326 1048 hac
371 1020 414 1048 re
455 1007 559 1048 dixit
598 1007 832 1060 apostolus,
874 1008 1090 1060 tamquam
1129 1007 1213 1048 ista
1251 1019 1386 1059 poena
1425 1006 1497 1047 1110
1537 1007 1784 1059 plectendus

253 1078 321 1128 sit,
374 1078 444 1131 qui
496 1091 576 1119 non
628 1078 742 1119 ualet
792 1078 1083 1132 intellegentia
1134 1078 1193 1119 sic
1245 1078 1480 1119 discernere
1531 1077 1784 1119 ineffabilem

251 1149 453 1191 trinitatis
480 1150 701 1199 unitatem,
737 1149 848 1190 sicut-
874 1149 1128 1191 discernitur
1153 1149 1194 1190 in
1222 1150 1359 1191 animo
1395 1150 1535 1191 nostro
1570 1149 1784 1191 memoria.

250 1221 507 1271 intellectus,
554 1220 765 1262 uoluntas.
812 1221 979 1262 aliunde
1019 1221 1097 1262 1100
1138 1221 1305 1262 dicebat
1343 1220 1572 1274 apostolus.
1611 1221 1706 1275 lege
1745 1223 1785 1262 et

251 1292 432 1343 uidebis,
467 1293 578 1345 quod
606 1305 654 1333 ea
684 1292 949 1345 loquebatur,
986 1305 1091 1345 quae
1125 1292 1248 1333 fidem
1282 1293 1353 1333 1101
1384 1304 1521 1333 1110100
1554 1291 1784 1332 11111110111111

251 1363 530 1414 aedificarent,
583 1377 661 1405 non
716 1376 821 1416 quae
866 1364 935 1405 uix
982 1364 1032 1404 ad
1077 1376 1310 1417 paucorum
1356 1376 1531 1416 eamque
1577 1363 1784 1417 exiguam.

252 1436 638 1489 quantulacumque
675 1434 717 1475 in
752 1435 827 1476 hac
866 1435 957 1476 uita
997 1435 1046 1476 de
1079 1448 1121 1476 re
1154 1437 1272 1477 tanta
1306 1448 1397 1477 esse
1429 1436 1584 1488 potest,
1618 1434 1784 1475 intelle-

251 1507 435 1561 gentiam
468 1506 748 1560 peruenirent,
782 1506 824 1546 id
852 1508 917 1547 est
944 1508 992 1546 ut
1018 1506 1174 1560 linguis
1201 1506 1423 1560 prophetia
1448 1507 1784 1560 praeponeretur,

251 1580 298 1620 ut
318 1590 398 1619 non
419 1578 661 1631 perturbate
681 1577 755 1619 illa
776 1581 1031 1632 gererentur,
1055 1578 1176 1630 quasi
1197 1577 1519 1631 prophetiae
1548 1576 1751 1631 spiritu
1767 1590 1783 1617 s

253 1649 379 1690 etiam
432 1649 592 1690 inuitos
644 1649 763 1702 loqui
816 1652 997 1704 cogeret,
1050 1651 1097 1690 ut
1148 1649 1408 1691 mulieres
1451 1649 1501 1690 in
1548 1648 1787 1690 ecclesia

249 1723 450 1770 tacerent,
504 1724 552 1762 ut
600 1721 772 1762 omnia
820 1722 1047 1762 honeste
1095 1724 1145 1763 et
1194 1722 1486 1763 seeundum
1546 1721 1784 1762 ordinem

249 1794 414 1834 fierent.
442 1793 542 1834 haec
572 1805 668 1834 011111
704 1796 860 1847 ageret,
900 1793 976 1834 ait:
1015 1793 1066 1835 Si
1108 1793 1228 1847 quis
1266 1793 1487 1834 uidetur
1521 1792 1786 1846 propheta

253 1877 370 1905 esse
413 1866 502 1904 aut
541 1863 836 1917 spiritalis.
878 1866 1191 1919 eognoscat,
1233 1877 1365 1917 quae
1401 1864 1580 1905 scribo
1615 1862 1784 1903 uobis.

253 1935 377 1989 quia
411 1935 613 1976 domini
647 1938 727 1977 est
758 1935 1075 1976 mandatum.
1110 1935 1153 1976 si
1188 1935 1308 1988 quis
1344 1938 1519 1976 autem
1554 1934 1782 1988 ignorat.
1838 1957 1845 1971 ›

252 2007 618 2061 ignorabitur,
652 2007 717 2048 his
752 2006 892 2048 uerbis
929 2006 1154 2048 cohercens
1189 2009 1229 2047 et
1262 2007 1313 2048 ad
1346 2006 1567 2060 pacificum
1602 2005 1786 2046 ordinem

252 2090 453 2119 reuocans
486 2078 699 2131 inquietos
732 2080 849 2120 tanto
885 2079 935 2119 ad
970 2078 1220 2120 seditionem
1253 2078 1477 2128 faciliores,
1518 2080 1672 2130 quanto
1708 2075 1786 2116 sibi

373 2250 412 2283 11
442 2249 459 2283 Ι
486 2248 565 2284 Cor.
596 2249 648 2291 14,
676 2250 720 2283 38
868 2249 913 2283 20
938 2249 1049 2294 Apoc.
1079 2249 1133 2289 19,
1163 2249 1206 2283 10
1345 2249 1387 2283 21
1417 2249 1434 2282 Ι
1462 2248 1540 2284 Cor.
1572 2251 1624 2294 14,
1652 2251 1712 2285 34:
1740 2253 1785 2284 4⁴)

252 2311 296 2344 23
323 2310 338 2343 1
367 2308 444 2343 Cor.
475 2309 529 2352 14,
556 2309 696 2343 37—38

303 2406 317 2438 1
349 2404 670 2446 expositionemon,
705 2414 777 2437 ras.
812 2407 845 2437 et
876 2414 967 2438 corr.
999 2415 1044 2437 m.
1072 2406 1091 2436 1
1119 2403 1361 2448 expositiones
1388 2415 1457 2437 non
1489 2404 1521 2436 T
1546 2404 1785 2449 expositiones

252 2475 322 2498 non
349 2463 426 2498 HR
448 2474 480 2496 m
549 2462 569 2495 2
598 2468 655 2496 01.
673 2489 679 2496 .
697 2489 703 2496 .
720 2469 774 2496 et.
793 2490 799 2496 .
817 2489 824 2496 .
841 2464 877 2496 et
903 2473 970 2497 om.
997 2462 1033 2497 R
1061 2463 1105 2496 lr
1120 2474 1151 2496 m
1221 2464 1241 2496 6
1269 2462 1375 2506 quod,
1403 2474 1446 2497 m.
1475 2466 1495 2496 1
1524 2474 1614 2497 corr.
1643 2475 1730 2508 quos
1750 2463 1786 2498 R

253 2524 271 2556 ’ἶ
299 2522 555 2567 nondumquia,
581 2522 696 2566 signis
722 2533 813 2556 corr.
842 2522 926 2567 qnia
953 2521 1110 2555 nondum
1137 2521 1173 2556 R
1250 2523 1291 2556 12
1319 2522 1396 2566 1110]
1426 2522 1489 2556 illa
1521 2522 1555 2557 U
1629 2524 1670 2557 16
1693 2524 1785 2568 quod

253 2583 308 2627 ea]
344 2593 385 2616 ea
418 2593 485 2627 que
512 2582 548 2615 P
695 2582 736 2615 18
772 2582 1108 2625 quantalacumque,
1142 2593 1186 2616 m.
1222 2584 1240 2614 1
1272 2593 1361 2616 corr.
1395 2582 1723 2627 quantulacumque
1757 2583 1791 2617 U

253 2641 543 2686 quantulacuque
574 2640 606 2673 T
680 2641 722 2674 19
749 2643 1010 2685 proponeretur
1042 2641 1077 2675 U
1152 2641 1194 2674 21
1226 2643 1372 2685 cogeret
1399 2644 1428 2683 (1
1454 2641 1494 2675 in
1520 2652 1594 2676 fras.
1622 2653 1666 2676 m.
1694 2645 1725 2684 1)
1753 2643 1786 2677 R

254 2702 297 2735 23
327 2712 403 2734 esse
431 2700 607 2745 propheta
633 2699 711 2734 edd.
787 2701 831 2734 27
859 2700 1015 2744 salim-es,
1043 2711 1087 2735 m.
1118 2703 1143 2734 2
1168 2700 1347 2734 faciliores
1381 2700 1415 2735 U

1812 880 1843 903 10

1813 1235 1844 1259 15

1812 1592 1845 1617 20
