1844 3122
62 977 95 1002 10

65 1333 97 1359 15

619 193 971 238 epistularum
1011 193 1148 228 CXXX.
1591 199 1647 238 43

121 323 257 364 cium
302 335 496 372 uerum,
542 335 722 377 pacem
771 336 934 377 super
977 336 1173 378 pacem,
1220 324 1309 365 sine
1351 337 1430 376 quo
1477 324 1647 370 silacio.

119 406 408 447 quaecumque
435 396 534 435 sunt
565 396 728 435 terrena
761 394 930 443 solacia,
958 395 1093 449 magis
1126 395 1165 435 in
1201 395 1261 436 eis
1290 394 1493 437 desolatio
1522 408 1645 449 quam

118 465 351 506 consolatio
383 465 598 519 reperitur.
637 465 811 507 diuitiae
846 465 999 519 quippo
1033 469 1159 519 atque
1191 466 1363 521 fastigia
1395 466 1649 521 dignitatum

119 538 338 590 ceteraque
370 536 496 578 huius
530 536 659 586 modi,
692 536 844 589 quibus
879 550 924 578 se
956 536 1100 578 felices
1135 539 1286 590 putant
1318 550 1410 579 esse
1451 539 1650 579 mortales

120 620 242 649 uerae
285 607 402 648 illius
446 607 664 649 felicitatis
709 609 912 660 expertes,
952 607 1052 661 quid
1097 607 1291 648 adferunt
1334 608 1651 658 consolationis,

120 691 215 720 cum
249 679 305 720 sit
331 678 391 720 eis
418 691 497 720 non
525 678 710 733 indigere
737 692 862 732 quam
889 679 1068 720 eminere
1094 678 1393 731 praestantius,
1421 691 1527 732 quae
1554 679 1650 732 plus

119 749 357 791 excruciant
389 749 539 803 adepta
570 749 720 791 timore
747 749 987 791 amissionis
1015 762 1139 802 quam
1166 749 1389 804 concupita
1415 749 1652 802 adeptionis

120 820 293 863 ardore?
335 821 492 862 talibus
536 821 657 863 bonis
701 834 782 862 non
827 820 935 862 fiunt
979 821 1170 862 homines
1215 821 1326 871 boni,
1367 820 1440 862 sed
1485 820 1652 861 aliunde

119 892 214 934 boni
237 892 339 934 facti
365 892 467 934 bene
494 892 651 934 utendo
678 892 852 942 faciunt,
879 894 927 933 ut
953 892 1034 933 ista
1061 892 1146 934 sint
1172 892 1291 934 bona.
1318 905 1398 934 non
1429 894 1528 933 sunt
1554 904 1652 946 ergo

120 966 161 1006 in
195 963 260 1004 his
302 975 400 1004 uera
438 963 594 1005 solacia
631 962 705 1004 sed
742 963 801 1004 ibi
840 963 997 1016 potius,
1031 963 1104 1004 ubi
1143 975 1243 1004 uera
1282 963 1384 1004 uit-a.
1423 975 1519 1003 nam
1558 962 1652 1003 inde

121 1047 291 1076 necesse
323 1036 389 1075 est
418 1033 492 1075 fiat
523 1034 646 1076 homo
680 1034 843 1084 beatus,
876 1034 986 1075 unde
1020 1034 1067 1075 fit
1098 1034 1247 1077 bonus,

182 1105 385 1147 Homines
419 1107 560 1146 autem
600 1105 698 1146 boni
737 1105 863 1146 etiam
905 1105 944 1146 in
978 1105 1056 1146 hac
1088 1105 1179 1145 uita
1212 1104 1412 1146 uidentur
1442 1105 1656 1157 praestare

122 1189 201 1218 non
232 1189 361 1229 parua
394 1177 562 1218 solacia.
603 1189 697 1217 nam
739 1176 772 1217 si
806 1178 1031 1230 paupertas
1072 1176 1200 1229 angit,
1235 1175 1270 1217 si
1307 1176 1451 1217 luctus
1486 1175 1657 1216 maesti-

122 1247 220 1288 ficat
267 1247 303 1289 si
336 1247 453 1289 dolor
484 1248 669 1301 corporis
703 1248 922 1301 inquietat,
957 1247 992 1288 si
1025 1248 1248 1289 contristat
1280 1247 1465 1295 exilium,
1499 1247 1535 1288 si
1568 1246 1654 1287 ulla

124 1318 206 1359 alia
248 1319 466 1360 calamitas
510 1321 647 1369 uexat,
694 1319 833 1360 adsint
876 1318 974 1360 boni
1019 1318 1223 1368 homineS,
1269 1319 1339 1371 qui
1383 1331 1463 1360 non
1515 1317 1651 1359 solum

125 1389 358 1445 gaudere
403 1403 514 1432 cum
567 1390 935 1445 gaudentibus
980 1402 1126 1431 uerum
1174 1390 1300 1431 etiam
1351 1389 1489 1431 flere
1545 1401 1653 1431 cum

124 1461 394 1503 flentibus
432 1464 586 1503 norunt
625 1463 665 1502 et
704 1461 929 1503 salubriter
967 1461 1137 1514 adloqui
1179 1463 1219 1502 et
1259 1460 1455 1514 conloqui
1494 1459 1653 1506 sciunt;

247 1635 289 1669 16
318 1634 417 1668 Rom.
447 1635 500 1674 12,
530 1636 572 1669 15

176 1731 191 1765 1
221 1741 340 1765 uerum
367 1741 434 1764 om.
465 1730 495 1765 O
567 1731 588 1764 ἴ.)
615 1730 688 1764 sint
720 1729 801 1764 01³2
883 1730 903 1763 3
931 1729 1079 1774 fastigia
1108 1728 1176 1771 (fas
1205 1729 1245 1763 in
1269 1732 1358 1771 ras.)
1386 1728 1425 1762 F
1447 1727 1596 1762 fastidia
1626 1728 1657 1762 O

125 1792 146 1824 4
173 1790 436 1834 ceteramque
464 1794 547 1834 (que
575 1801 618 1823 m.
644 1792 663 1823 1
690 1789 774 1831 del.)
803 1788 852 1822 ΠΙ
920 1788 1026 1823 liuius
1054 1788 1176 1822 mundi
1205 1788 1238 1822 L
1313 1799 1349 1822 se
1377 1799 1444 1823 om.
1475 1788 1504 1822 O
1578 1799 1656 1821 esse

126 1852 255 1893 putant
281 1848 358 1882 edd.
458 1848 626 1882 mortales
652 1848 815 1882 homines
843 1858 947 1881 uerae
973 1847 1002 1881 Ο
1070 1849 1090 1882 5
1120 1847 1314 1881 felicitates
1348 1847 1381 1880 V
1405 1850 1511 1889 (corr.
1539 1846 1654 1880 felici-

125 1908 227 1950 tatis)
252 1908 300 1942 M
324 1919 382 1941 ⁴m.
409 1910 428 1941 1
454 1918 544 1942 corr.
571 1907 773 1950 felicitatis)
871 1910 1034 1953 expertes
1061 1909 1165 1941 erunt
1192 1906 1276 1950 quid
1306 1905 1336 1940 O
1433 1907 1454 1940 6
1482 1906 1534 1940 eis
1560 1906 1609 1939 sit
1634 1905 1659 1938 Ι

174 1978 278 2011 quam
303 1967 452 2001 iminere
477 1969 581 2009 (corr.
610 1966 778 2010 eminere)
814 1966 845 1999 V
875 1977 980 2010 quam
1007 1966 1192 2000 imminere
1225 1965 1254 1999 Ο
1282 1976 1388 2010 quam
1413 1965 1606 1999 meminere
1633 1964 1660 1997 I

126 2029 185 2069 (m.
205 2028 230 2060 2
249 2027 343 2060 nisse
368 2037 485 2070 supra
511 2029 610 2067 nere)
631 2026 681 2060 P2
707 2026 810 2067 (med.
837 2037 871 2059 m
899 2027 1006 2068 eras)
1026 2025 1060 2059 L
1088 2036 1159 2069 qua
1184 2026 1376 2059 meminere
1397 2025 1430 2059 A
1458 2035 1526 2068 qua
1552 2026 1610 2066 (m.
1633 2026 1657 2056 3

127 2089 210 2129 qua)
238 2086 392 2119 eminere
418 2085 466 2119 121
542 2087 560 2120 7
594 2085 755 2131 adeptati
789 2097 884 2120 more
918 2097 961 2120 m.
988 2089 1028 2119 ut
1063 2085 1136 2119 uid.
1170 2087 1188 2118 1
1220 2095 1311 2119 corr.
1337 2084 1386 2118 Μ
1457 2083 1591 2128 adepta
1617 2083 1659 2116 J<

126 2148 183 2186 (m.
212 2147 237 2178 :2
263 2145 407 2189 adepto)
435 2145 460 2179 I
482 2151 539 2182 (m.
566 2146 591 2178 2
618 2144 762 2190 adepte)
790 2144 960 2188 adeptum
986 2143 1036 2178 1²2
1061 2143 1202 2188 adeptit
1228 2143 1262 2177 L
1360 2142 1600 2177 ammissionis
1628 2141 1661 2174 V

174 2204 365 2249 concupita
384 2203 426 2238 K
442 2207 499 2246 (m.
521 2207 546 2238 2
566 2205 773 2249 concupito)
794 2204 819 2238 I
836 2207 894 2247 (m.
917 2206 941 2237 2
962 2204 1165 2248 concupite)
1192 2203 1420 2248 concupitum
1438 2202 1488 2236 Ρ2
1514 2202 1657 2246 cupitae

134 2263 166 2297 V
190 2263 359 2307 concupit
386 2263 419 2296 L
541 2262 747 2308 adoptionis
773 2264 808 2297 A
931 2264 951 2296 δ
979 2262 1121 2296 ardore*
1142 2265 1189 2305 (m
1217 2264 1324 2304 eras.)
1350 2262 1400 2295 1²2
1520 2262 1541 2295 9
1567 2261 1656 2295 flunt

127 2321 331 2356 ,ἸΙΕἈΟΡ2
439 2324 479 2356 ut
505 2324 541 2356 et
567 2322 637 2356 ista
663 2321 695 2355 L
806 2332 889 2366 ergo
917 2324 999 2356 sunt
1030 2321 1059 2356 O
1169 2327 1252 2355 sunt
1277 2332 1344 2356 om.
1371 2320 1421 2354 1²2
1544 2320 1586 2353 lo
1613 2319 1656 2352 iis

127 2382 248 2425 flrm
348 2381 421 2426 ubi]
449 2381 510 2415 ubi
538 2384 592 2415 est
621 2381 685 2416 OL
783 2381 882 2425 inde]
912 2380 972 2415 ille
999 2380 1032 2414 L
1126 2382 1164 2414 11
1194 2381 1268 2422 fiat,
1295 2392 1339 2414 m.
1366 2383 1384 2414 1
1410 2391 1500 2414 corr.
1529 2384 1567 2413 ut
1596 2379 1657 2412 fiat

136 2441 169 2475 V
190 2444 230 2475 ut
256 2442 318 2475 tiat
343 2440 394 2474 Ρ2
417 2440 497 2476 edel.
572 2441 619 2474 sit
650 2440 714 2474 OC
807 2452 923 2484 supra
950 2440 1063 2474 bonus
1090 2440 1176 2474 add.
1205 2440 1237 2474 ·ἰΑ
1265 2440 1442 2484 benignus
1469 2437 1657 2483 placabilis

129 2499 296 2544 pacificus
325 2500 355 2535 O
431 2500 471 2534 12
498 2499 658 2533 homines
684 2503 717 2538 <e
743 2510 787 2533 ex
812 2510 902 2533 corr.
929 2511 973 2533 m.
1002 2503 1036 2542 1)
1066 2500 1104 2534 F
1197 2499 1366 2533 uidentur
1392 2499 1501 2532 etiam
1528 2498 1562 2530 in
1591 2497 1656 2530 liae

130 2559 206 2593 uita
231 2558 311 2593 edd.
433 2559 695 2604 praestantiore
724 2558 839 2592 HPV
861 2562 919 2599 (sm.
947 2561 972 2592 2
997 2556 1194 2604 praestare)
1223 2560 1448 2603 prestantore
1476 2556 1657 2599 (deinceps

129 2630 156 2651 s.
183 2628 218 2651 u.
247 2617 332 2652 add.
360 2617 436 2659 sed)
457 2616 498 2651 K
523 2618 804 2661 praestantiores
831 2628 992 2660 esse„m.
1021 2620 1044 2651 3
1070 2620 1254 2662 praestare
1276 2616 1323 2650 Pl
1395 2617 1437 2649 13
1464 2616 1492 2648 si
1520 2627 1585 2648 om.
1610 2614 1659 2648 1²2

178 2676 293 2721 angit]
322 2680 475 2721 augetur
499 2676 533 2710 L
643 2677 671 2710 si
699 2687 766 2710 om.
793 2676 826 2710 L
926 2678 968 2711 14
995 2676 1067 2711 alia
1093 2677 1167 2710 ulla
1194 2675 1379 2710 calamitas
1405 2675 1435 2709 Ο
1462 2674 1535 2708 ulla
1563 2674 1656 2708 cala-

130 2735 236 2769 mitas
268 2735 339 2769 alia
370 2735 449 2770 edd.
575 2736 616 2770 15
650 2740 755 2770 uexat
788 2735 921 2778 adsint,
954 2747 997 2770 m.
1026 2738 1051 2769 2
1085 2738 1190 2769 uexat
1223 2735 1252 2769 si
1287 2734 1407 2769 adsint
1438 2734 1462 2768 I
1494 2736 1600 2767 uexat
1628 2733 1657 2766 si

132 2794 245 2828 assint
275 2794 304 2829 O
330 2794 448 2828 uexati
475 2794 547 2828 sint
573 2794 606 2828 L
683 2795 722 2829 17
752 2795 912 2839 adloqui}
943 2795 1041 2839 loqui
1070 2793 1300 2828 IIPKI’UV
