1952 3118
30 562 84 604 43

90 1005 122 1031 10

91 1359 124 1386 15

618 223 969 268 epistularum
1007 223 1182 259 CXLVII.
1582 229 1670 270 317

143 353 374 395 infirmitati
418 352 580 394 animae
627 352 883 406 corporalem
934 355 1292 396 conuersationem
1344 355 1550 399 introrsus
1600 357 1669 398 uel

143 425 309 466 mittere
335 423 404 465 uel
431 423 667 472 admittere,
693 436 773 464 non
800 423 873 464 ubi
900 436 999 466 sana
1026 424 1245 475 consistat,
1274 426 1348 467 sed
1373 427 1446 468 ubi
1470 427 1671 482 languida

145 496 324 550 quodam
358 494 482 537 modo
515 497 588 536 aut
618 494 836 536 incumbat
869 497 940 537 aut
971 496 1120 537 iaceat.

202 566 394 609 Proinde.
435 566 470 607 si
514 579 593 608 non
637 568 757 620 potes
802 566 933 607 aciem
978 567 1132 608 mentis
1177 569 1274 609 tuae
1315 581 1337 609 a
1381 581 1671 622 corporearum

145 637 474 679 similitudinum
508 637 629 691 quasi
658 637 803 679 nubilo
835 637 1056 691 perspicue
1090 650 1294 688 serenare,
1328 651 1397 681 eas
1422 640 1536 693 ipsas
1563 640 1671 694 apud

144 711 186 750 te
211 709 344 762 ipsam
371 708 598 763 uigilanter
617 708 805 750 adtende.
830 708 992 750 intuere
1014 709 1178 750 caelum
1199 712 1241 751 ct
1260 711 1411 751 terram
1434 711 1671 765 cogitando,

146 780 256 821 sicut
283 778 417 820 oculis
445 779 630 831 corporis
658 778 862 820 cernendo
895 779 1123 830 consuesti,
1155 792 1310 833 easque
1336 780 1540 835 imagines
1568 782 1673 824 caeli

146 853 187 892 et
217 854 364 899 terrae,
403 862 508 903 quae
541 852 635 891 ante
668 849 815 892 oculos
849 849 1116 904 cogitationis
1156 851 1384 905 productae
1423 854 1535 903 sunt,
1574 852 1673 894 uide

145 920 444 963 similitudines
489 933 708 974 corporum
754 933 860 971 esse,
911 933 992 962 non
1037 933 1224 974 corpora.
1278 922 1340 964 sic
1384 935 1482 977 ergo
1532 923 1674 965 iudica

147 995 288 1035 contra
320 995 362 1033 te
394 992 529 1045 ipsam
562 1004 635 1045 pro
668 994 710 1033 te
743 991 848 1046 ipsa.
883 991 918 1033 si
950 1005 1029 1034 non
1069 995 1190 1047 potes
1231 993 1491 1035 omnifariam
1532 1007 1674 1048 corpo-

145 1063 296 1105 ralium
339 1063 591 1117 qualitatum
633 1062 904 1117 imaginarias
950 1063 1106 1104 formas
1152 1063 1202 1105 ab
1247 1064 1335 1106 acie
1379 1066 1476 1106 tuae
1520 1065 1677 1106 mentis

147 1134 326 1189 abigere,
362 1136 417 1184 et,
450 1133 559 1175 unde
591 1133 788 1186 uinceris,
820 1133 915 1175 inde
949 1134 1164 1176 conuince.
1209 1147 1341 1188 neque
1374 1136 1482 1177 enim
1516 1138 1593 1185 est.¹
1627 1139 1677 1177 ut

148 1206 303 1260 opinor,
349 1205 571 1259 quisquam
611 1205 738 1247 etiam
776 1205 934 1247 talibus
975 1205 1349 1260 imaginationibus
1388 1206 1447 1248 ita
1491 1206 1675 1257 deditus,

148 1280 196 1319 ut
232 1277 374 1319 credat
412 1277 473 1319 sic
517 1290 611 1318 esse
654 1277 695 1318 in
740 1277 942 1318 memoria
986 1290 1062 1318 sua
1105 1278 1175 1318 uel
1219 1277 1260 1318 in
1305 1277 1397 1332 ipso
1443 1280 1673 1331 conspectu

149 1347 416 1403 cogitationis
444 1361 544 1389 suae
571 1349 716 1398 solem,
746 1348 904 1398 lunam,
938 1348 1096 1400 stellas,
1129 1361 1286 1399 amnes,
1319 1349 1462 1399 maria,
1496 1350 1675 1390 montes.

148 1419 290 1466 colles,
323 1419 461 1469 urbes,
493 1418 673 1473 parietes
707 1418 885 1472 denique
918 1418 1067 1460 domus
1102 1431 1203 1461 suae
1235 1420 1302 1461 uel
1337 1420 1463 1461 etiam
1491 1419 1675 1461 cubiculi

149 1491 228 1541 sui,
262 1493 302 1532 et
329 1490 530 1544 quicquid
561 1503 634 1544 per
666 1490 811 1532 oculos
845 1489 1030 1543 corporis
1062 1490 1146 1531 tale
1180 1490 1381 1545 cognouit
1406 1494 1448 1532 et
1472 1492 1601 1541 tenet,
1629 1493 1677 1532 ut

149 1562 336 1604 locorum
375 1561 523 1614 spatiis
563 1563 688 1614 atque
719 1561 955 1602 interuallis
995 1561 1086 1603 siue
1125 1563 1238 1603 stent
1277 1561 1367 1603 siue
1412 1564 1674 1604 moueantur.

149 1646 268 1688 porro
302 1633 337 1674 si
370 1645 430 1682 ea,
470 1644 576 1685 quae
607 1633 648 1673 in
682 1632 818 1673 animo
851 1634 991 1673 nostro
1025 1634 1124 1673 sunt
1155 1632 1442 1686 corporalibus
1483 1632 1679 1686 locisque

152 1705 379 1754 simillima,
400 1706 639 1745 nontamen
664 1703 853 1745 locorum
881 1702 1028 1756 spatiis
1056 1715 1102 1744 ac
1131 1702 1282 1745 finibus
1310 1704 1576 1745 continentur
1600 1716 1677 1744 nec

151 1774 383 1816 interuallis
432 1773 638 1815 localibus
682 1773 723 1814 in
768 1775 910 1815 nostra
953 1773 1154 1814 memoria
1200 1775 1470 1827 reponuntur,
1521 1776 1680 1828 quanto

154 1845 286 1902 magis
301 1845 388 1895 illa,
410 1857 516 1898 quae
530 1844 689 1886 nullam
705 1846 856 1898 gerunt
876 1843 1198 1885 similitudinem
1220 1856 1455 1898 corporum,
1478 1845 1679 1894 caritas,

155 1916 403 1971 gaudium,
431 1928 532 1969 pax,
559 1915 937 1970 longanimitas,
964 1914 1270 1969 benignitas,
1296 1915 1506 1967 bonitas,
1533 1916 1679 1965 sides,

155 1987 498 2037 mansuetudo,
556 1986 880 2036 continentia,
932 1985 1048 2026 nulla
1096 1985 1283 2028 locorum
1336 1987 1473 2040 spatia
1520 1989 1680 2037 tenent,

274 2149 318 2182 22
346 2148 424 2183 Gal.
452 2150 484 2189 5,
509 2148 650 2182 22—23

206 2231 222 2265 1
250 2231 459 2265 infirmitate
486 2230 566 2265 HF
659 2230 812 2274 animae]
841 2230 1016 2264 humanae
1045 2241 1099 2264 ae
1123 2230 1300 2264 humanae
1326 2230 1465 2264 animae
1491 2234 1569 2266 cett.
1598 2231 1682 2265 edd.

158 2291 179 2324 2
205 2291 370 2325 amittere
404 2290 468 2323 To
493 2292 552 2327 (m.
580 2292 598 2323 1
623 2300 713 2324 corr.
741 2289 947 2330 admittere)
1076 2290 1099 2323 4
1124 2291 1257 2334 potest,
1283 2300 1328 2324 m.
1356 2293 1375 2323 1
1400 2300 1491 2324 corr.
1516 2292 1619 2334 potes
1653 2291 1683 2321 (l

159 2352 275 2394 potes*
302 2350 395 2394 (fuit
419 2350 448 2387 t)
475 2349 508 2383 L
534 2351 637 2394 potes
663 2359 707 2382 ex
732 2359 822 2383 corr.
849 2360 893 2384 m.
922 2351 960 2388 1‚·
980 2349 1102 2392 fuisse
1127 2348 1203 2382 uid.
1231 2350 1334 2393 potet
1360 2348 1396 2382 P
1419 2352 1521 2393 potes
1549 2351 1584 2382 et
1612 2347 1682 2382 ΓΑ

160 2410 180 2443 5
205 2408 476 2443 similitudinem
503 2408 582 2442 HF
605 2411 711 2450 (eras.
731 2412 849 2453 postr.
878 2408 916 2444 l.)
945 2407 1181 2442 similitudino
1210 2409 1241 2441 A
1318 2408 1337 2441 7
1365 2408 1543 2452 corporeis
1570 2407 1604 2441 P
1628 2407 1680 2441 cd.

160 2467 278 2512 Μέρη.
363 2468 384 2501 8
411 2467 523 2501 oculis
549 2470 607 2511 (m.
635 2469 653 2500 1
678 2477 770 2502 corr.
797 2466 932 2509 oculos)
959 2467 1198 2511 cogitationes
1226 2465 1268 2499 H
1352 2466 1395 2500 10
1421 2468 1545 2500 contra
1571 2468 1684 2499 temet

161 2526 273 2571 ipsam
304 2526 406 2560 TOL
513 2526 701 2560 omnifaria
726 2526 765 2560 F
787 2525 832 2560 ob
859 2526 1029 2559 nefariam
1062 2524 1164 2559 TOL
1287 2525 1324 2559 11
1356 2524 1572 2569 qualitatum
1599 2534 1683 2557 con-

162 2585 385 2620 suetudinem
411 2586 642 2630 imaginarias
668 2585 703 2619 L
831 2586 873 2619 16
900 2584 1009 2619 cubili
1036 2584 1075 2619 F
1097 2584 1262 2619 cubslslili
1282 2589 1368 2626 (ras.
1396 2586 1491 2617 1-2
1517 2584 1545 2624 1,·
1572 2594 1616 2617 m.
1643 2586 1687 2617 ut

163 2644 236 2678 uid.
265 2646 289 2678 2
313 2644 503 2687 cubllu'lilis>
531 2644 566 2678 P
639 2644 681 2678 18
707 2643 929 2683 interuallos,
957 2653 1048 2677 corr.
1074 2643 1276 2678 interuallis
1303 2642 1346 2676 H
1418 2643 1461 2676 19
1488 2641 1683 2686 corporali-

165 2702 229 2737 bus
253 2704 380 2748 spatiis
407 2703 565 2748 locisque
591 2703 639 2737 M
662 2702 905 2748 corporalibus
931 2702 1020 2736 locis
1046 2702 1092 2736 P‘
1111 2702 1312 2747 corporalia
1341 2701 1500 2745 locisque
1528 2712 1582 2734 ae
1608 2711 1684 2734 cor-

164 2762 309 2805 poribus
334 2762 494 2807 locisque
520 2765 598 2797 cett.
626 2762 705 2796 edd.
755 2762 802 2796 20
822 2766 929 2806 atque
950 2761 1029 2795 edd.
1079 2761 1125 2796 23
1144 2772 1210 2806 pax
1232 2760 1410 2806 patientia
1428 2759 1687 2804 longanimitas

167 2820 209 2854 H
228 2821 483 2866 longanimitas
510 2833 574 2866 pax
601 2821 680 2857 edd.
755 2821 800 2855 24
826 2819 1063 2855 mansuetudo
1090 2831 1157 2855 om.
1184 2820 1220 2854 P
