1844 3122
84 978 118 1003 10

82 1330 116 1358 15

78 1686 114 1713 20

77 2042 113 2069 25

617 194 971 239 epistularum
1010 192 1204 229 CXXVIII.
1624 201 1673 240 31

145 338 227 378 que
272 324 495 367 crescendo
540 325 621 365 iam
668 337 861 378 magnam
906 327 1069 378 partem
1114 325 1226 367 orbis
1272 327 1495 379 implerent
1545 329 1586 368 et
1637 328 1677 368 in

145 399 285 438 cetera
323 396 597 437 dilatarentur
635 395 857 449 implenda,
896 396 1036 437 subito
1078 397 1299 438 ecclesiam
1340 397 1498 439 Christi
1535 398 1676 440 nescio

146 479 338 521 quorum,
365 479 470 520 quos
502 467 573 508 isti
608 469 818 516 accusant,
853 469 1121 520 peccatorum
1155 468 1314 521 perisse
1348 469 1541 523 contagio
1569 471 1610 511 et
1636 469 1675 510 in

146 539 234 580 sola
265 537 517 579 remansisse
555 541 671 591 parte
711 538 879 587 Donati,
925 538 960 578 si
992 538 1084 588 hoc,
1118 540 1166 579 ut
1199 538 1358 580 dictum
1392 542 1471 581 est.
1506 539 1674 581 demon-

145 611 274 650 strare
309 609 532 663 potuerint,
566 608 705 650 nullos
739 608 851 663 apud
884 621 954 650 eos
988 609 1166 651 honores
1200 610 1451 663 episcopalis
1492 611 1676 652 muneris

144 680 421 733 requiremus,
450 680 522 721 sed
556 692 698 721 eorum
727 692 953 732 sequemur
983 692 1057 732 pro
1093 679 1183 721 sola
1215 683 1381 721 aeterna
1415 682 1550 721 salute
1584 694 1676 723 con-

144 751 301 799 silium,
323 751 476 803 quibus
503 750 610 792 tanti
637 750 814 805 gratiam
841 749 1033 791 beneficii
1059 764 1132 804 pro
1161 751 1329 805 cognita
1355 751 1534 793 ueritate
1556 752 1675 793 debe-

143 822 296 863 bimus.
336 821 372 863 si
411 825 550 863 autem
590 834 664 863 nos
705 822 846 876 potius
886 821 1146 863 ualuerimus
1190 822 1408 864 ostendere
1454 823 1673 864 ecclesiam

144 892 299 935 Christi
339 894 527 935 omnium
567 905 647 934 non
687 893 825 934 solum
859 892 1147 934 Africanarum
1187 906 1332 934 uerum
1374 894 1502 935 etiarn
1541 896 1672 935 trans-

143 965 397 1006 marinarum
428 964 741 1018 prouinciarum
775 964 1090 1017 multarumque
1124 964 1315 1019 gentium
1348 965 1485 1018 spatia
1510 966 1676 1007 feracis-

143 1036 250 1078 sima
287 1036 540 1089 populorum
581 1035 701 1089 copia
738 1035 822 1077 iam
860 1037 1073 1077 tenentem
1113 1038 1167 1085 et,
1203 1035 1315 1077 sicut
1353 1035 1555 1089 scriptum
1596 1040 1673 1086 est,

141 1109 231 1148 toto
259 1106 413 1148 mundo
440 1106 766 1148 fructificantem
793 1108 918 1160 atque
946 1108 1202 1148 crescentem
1225 1107 1437 1149 nullorum
1457 1107 1673 1148 hominum

143 1178 224 1220 sibi
251 1178 574 1220 commixtorum
602 1178 787 1231 peccatis
813 1177 949 1231 perire
975 1177 1181 1231 potuisse,
1203 1177 1239 1219 si
1266 1177 1444 1231 denique
1470 1177 1673 1232 ipsorum,

141 1262 247 1303 quos
278 1252 380 1291 tunc
412 1261 609 1290 accusare
642 1249 870 1291 uoluerunt
901 1248 1044 1301 potius
1078 1261 1203 1302 quam
1243 1249 1491 1291 conuincere
1528 1248 1673 1290 ualue-

140 1323 250 1371 runt,
295 1321 585 1374 quaestionem
630 1319 1060 1362 demonstrauerimus
1111 1333 1203 1362 esse
1254 1319 1428 1369 finitam,
1477 1320 1672 1373 quamuis

141 1405 222 1434 non
249 1391 291 1432 in
314 1392 373 1434 eis
395 1391 598 1434 ecclesiae
627 1405 754 1433 causa
781 1391 999 1440 consistat,
1028 1394 1069 1432 et
1097 1391 1381 1433 Caecilianum
1408 1391 1670 1432 innocentem

139 1463 237 1504 illos
271 1466 412 1504 autem
445 1463 655 1505 uiolentos
689 1464 730 1504 et
763 1462 1048 1503 calumniosos
1077 1474 1170 1503 esse
1196 1461 1405 1502 iudicatos
1432 1461 1480 1502 ab
1515 1474 1562 1503 eo
1596 1462 1670 1504 im-

141 1536 342 1588 peratore.
371 1534 423 1575 ad
455 1534 577 1575 cuius
611 1546 780 1575 examen
813 1532 1126 1574 criminationes
1162 1545 1260 1574 suas
1293 1532 1403 1574 ultro
1438 1533 1673 1575 accusando

140 1605 359 1654 miserunt,
382 1607 596 1658 postremo
625 1605 674 1655 si,
703 1603 905 1658 quicquid
931 1604 980 1645 de
1007 1604 1192 1657 peccatis
1226 1603 1511 1657 quorumlibet
1540 1604 1674 1646 homi-

141 1689 239 1717 num
269 1676 459 1726 dixerint,
481 1676 551 1717 uel
577 1676 771 1717 humanis
799 1675 1063 1717 documentis
1090 1676 1159 1717 uel
1181 1675 1335 1716 diuinis
1355 1675 1672 1729 probauerimus

140 1748 214 1788 aut
245 1758 389 1788 eorum
416 1747 698 1788 innocentiam
731 1746 850 1788 falsis
884 1745 1130 1788 criminibus
1158 1746 1388 1800 appetitam
1415 1747 1489 1787 aut
1515 1745 1673 1788 Christi

141 1818 377 1868 ecclesiam,
405 1817 526 1859 cuius
555 1817 838 1860 communioni
865 1817 1152 1867 cohaeremus,
1179 1817 1307 1858 nullis
1334 1829 1477 1858 eorum
1505 1817 1672 1858 delictis

140 1901 234 1930 esse
267 1888 540 1938 destructam,
575 1888 636 1930 sic
669 1888 758 1930 eius
791 1887 1010 1929 nobiscum
1049 1889 1220 1930 teneant
1256 1887 1474 1938 unitatem,
1507 1890 1556 1929 ut
1591 1901 1671 1929 non

140 1958 276 2001 solum
314 1960 429 2001 uiam
467 1959 620 2001 salutis
657 1959 889 2008 inueniant,
929 1958 1001 2000 sed
1040 1971 1115 2000 nec
1157 1958 1355 2000 honorem
1401 1959 1671 2012 episcopatus

140 2030 349 2072 amittant.
382 2043 518 2084 neque
551 2031 661 2072 enim
694 2030 735 2071 in
769 2030 829 2071 eis
864 2029 1030 2071 diuinae
1064 2032 1324 2071 sacramenta
1365 2029 1559 2071 ueritatis
1597 2030 1671 2071 sed

140 2104 377 2143 commenta
402 2100 575 2142 humani
595 2100 856 2142 detestamur
879 2100 1043 2150 erroris,
1065 2099 1218 2153 quibus
1239 2099 1420 2141 sublatis
1440 2100 1669 2141 fraternum

139 2173 287 2225 pectus
314 2171 610 2226 amplectimur
630 2170 868 2213 Christiana
895 2170 1015 2212 nobis
1049 2170 1223 2212 caritate
1249 2170 1536 2220 coniunctum,
1558 2171 1669 2224 quod

139 2256 247 2285 nunc
279 2242 470 2285 dolemus
505 2241 762 2284 dissensione
795 2241 1003 2283 diabolica
1034 2244 1286 2296 separatum.

261 2417 303 2451 12
331 2416 407 2452 Col.
436 2417 466 2458 1,
493 2417 513 2451 6

189 2500 204 2533 1
233 2498 444 2544 implessent
473 2498 506 2534 G
603 2499 638 2532 in
666 2501 821 2533 ceteram
848 2498 1086 2533 dilatarentur
1111 2497 1329 2543 implendam
1361 2497 1393 2532 G
1421 2510 1453 2532 ηι
1526 2499 1548 2532 3
1574 2499 1666 2543 peri-

139 2557 209 2592 isse
235 2569 269 2592 m
366 2558 580 2602 contagione
611 2557 644 2592 G
717 2559 739 2591 4
766 2560 868 2603 parte
896 2557 1022 2592 donati
1049 2552 1262 2592 remansisse
1292 2556 1325 2592 G
1406 2558 1426 2590 5
1454 2557 1667 2602 episcopalis

139 2617 308 2662 muneris]
339 2617 569 2662 episcopatus
599 2616 631 2651 G
706 2619 725 2650 6
753 2619 901 2651 aeterna
926 2627 993 2656 om.
1025 2615 1058 2652 G
1126 2617 1147 2651 9
1174 2616 1311 2661 uerum]
1340 2628 1373 2657 s;
1404 2616 1437 2650 G
1507 2616 1550 2651 10
1576 2616 1666 2650 mul·

139 2677 255 2709 tarum
282 2678 364 2719 (om.
393 2678 474 2720 que)
504 2675 537 2711 G
673 2677 714 2710 15
742 2675 1106 2710 demonstrauerimus
1134 2686 1210 2710 esse
1236 2675 1389 2719 finitam]
1418 2674 1603 2709 definitam
1634 2675 1667 2710 G

143 2733 185 2770 16
211 2734 382 2769 ecclesiae
411 2734 530 2779 causa]
560 2734 710 2770 ecclesia
731 2734 764 2769 G
835 2735 876 2769 17
904 2736 1024 2769 autern
1050 2745 1118 2770 om.
1143 2734 1178 2769 G
1247 2735 1288 2768 19
1310 2733 1495 2779 quicquid]
1525 2733 1609 2779 quid
1633 2733 1665 2769 G

139 2793 183 2827 27
211 2793 490 2839 complectemur
517 2792 551 2828 G
