1952 3118
58 941 92 968 10

597 159 950 205 epistularum
991 157 1165 194 CXLVII.
1561 162 1643 202 331

116 302 191 332 nec
221 291 263 331 te
294 291 477 338 moueat,
511 288 621 342 quod
654 302 677 330 a
709 288 960 341 quibusdam
994 289 1132 330 minus
1173 289 1432 331 considerate
1473 289 1645 331 dicitur:

117 360 228 413 Quid
259 362 359 400 tunc
391 359 595 401 uidebant
628 358 740 401 oculi
778 360 1030 413 corporales,
1065 359 1100 400 si
1128 359 1253 401 deum
1292 373 1372 402 non
1411 359 1645 401 uidebunt‘?

117 444 165 473 an
198 430 303 472 forte
337 430 448 471 caeci
482 434 604 471 erunt
636 430 704 471 uel
737 430 825 471 sine
859 442 986 471 causa
1018 431 1166 471 erunt?
1200 443 1332 484 neque
1367 430 1478 472 enim
1506 430 1646 472 adten-

117 502 234 551 dunt,
267 500 338 554 qui
370 501 471 542 haec
497 501 743 554 loquuntur,
776 500 888 553 quia,
923 500 958 541 si
986 512 1065 542 non
1093 503 1215 542 erunt
1241 513 1427 554 corpora,
1460 502 1646 555 profecto

118 571 179 612 illi
212 570 323 613 oculi
356 583 434 612 non
469 575 590 613 erunt
622 571 876 625 corporales;
921 571 955 612 si
989 574 1130 613 autem
1170 574 1291 613 erunt
1329 584 1514 626 corpora,
1555 572 1646 621 erit,

118 641 228 696 quod
261 641 403 683 uidere
436 642 601 695 possint
633 642 744 684 oculi
777 643 1028 696 corporales.
1061 642 1135 684 sed
1159 642 1263 683 haec
1288 642 1372 683 iam
1400 642 1503 684 satis
1537 642 1649 684 dicta

118 714 213 764 sint,
259 726 365 768 quae
405 714 454 755 ab
493 713 612 756 initio
657 713 785 755 huius
830 713 1027 767 opusculi
1070 713 1154 754 mei
1198 713 1422 768 diligenter
1457 713 1568 755 lecta
1606 716 1648 755 et

116 784 270 826 relecta
305 784 573 827 considerans
608 785 695 826 sine
723 784 809 826 ulla
833 784 1012 826 fortasse
1045 784 1307 826 dubitatione
1340 784 1570 838 perspicies
1597 784 1648 826 ad

116 854 345 896 uidendum
391 855 515 897 deum
558 868 632 909 per
675 855 765 897 eius
810 855 1011 897 auxilium
1058 868 1128 897 cor
1170 855 1376 896 mundum
1414 858 1456 896 te
1498 855 1647 896 debere

116 939 369 980 praeparare.
404 926 454 968 de
482 938 652 980 corpore
681 939 778 968 uero
807 926 1000 979 spiritali,
1034 926 1070 968 si
1097 926 1291 967 dominus
1319 925 1487 974 iuuerit,
1522 938 1645 980 opere

117 997 197 1039 alio
231 997 503 1051 experiemur,
537 998 638 1051 quid
664 997 879 1050 disputare
913 998 1146 1040 ualeamus.

240 1124 283 1159 10
309 1124 352 1158 de
379 1124 445 1159 eiu.
474 1124 532 1159 dei
557 1124 660 1159 XXII
685 1125 730 1159 29

164 1207 185 1242 2
213 1207 284 1252 qui,
311 1219 355 1241 m.
386 1210 407 1241 4
436 1206 483 1250 (.⁹>
509 1217 598 1242 corr.
628 1207 714 1252 quid
739 1206 780 1242 F
801 1207 894 1252 quod
927 1206 956 1241 O
1042 1207 1201 1242 carnales
1233 1206 1334 1241 TOL
1427 1207 1455 1240 si
1482 1217 1550 1241 om.
1578 1204 1644 1239 To

117 1266 138 1301 3
165 1266 222 1300 uel
250 1265 340 1311 sine]
368 1266 427 1300 uel
453 1266 514 1311 qui
541 1266 617 1300 sine
643 1266 678 1300 L
774 1267 796 1300 4
824 1277 905 1311 qua.
931 1277 975 1300 m.
1003 1269 1022 1300 1
1048 1277 1139 1301 corr.
1167 1266 1251 1310 quia
1276 1266 1325 1300 M
1424 1276 1495 1299 non
1524 1264 1643 1308 erunt]

117 1328 304 1369 nonerunt,
331 1336 422 1360 corr.
447 1336 519 1360 non
546 1329 651 1360 erunt
675 1325 719 1360 Η
830 1325 991 1370 profecto
1017 1337 1087 1360 non
1115 1329 1219 1360 erunt
1245 1325 1299 1359 illi
1327 1325 1420 1360 oculi
1446 1323 1648 1369 corporales

120 1395 174 1418 ae
197 1395 262 1419 ncc
288 1384 342 1419 illi
368 1384 569 1429 corporales
596 1384 758 1430 profecto
786 1384 880 1419 oculi
907 1387 1011 1418 erunt
1027 1385 1158 1428 flrm
1238 1386 1258 1419 5
1280 1388 1366 1428 post
1391 1384 1446 1418 illi
1471 1394 1546 1418 ras.
1574 1385 1597 1417 3
1624 1383 1647 1419 l.

114 1445 190 1487 (cor
216 1442 249 1485 ?)
277 1447 310 1478 et
336 1443 430 1478 oculi
455 1444 496 1477 in
521 1454 595 1478 ras.
622 1454 667 1477 m.
694 1446 712 1477 1
737 1443 777 1477 F
924 1455 993 1477 non
1022 1444 1140 1487 erunt]
1169 1446 1360 1485 nonerunt,
1385 1454 1431 1477 m.
1460 1446 1501 1477 ut
1525 1441 1603 1476 uid.
1629 1444 1649 1474 1

118 1513 207 1537 corr.
235 1514 305 1537 non
334 1506 436 1537 erunt
461 1502 506 1537 H
678 1502 758 1548 erit]
788 1505 891 1537 erunt
916 1502 1077 1537 HMFA
1103 1507 1140 1537 e?
1169 1506 1227 1546 (κν
1254 1513 1358 1537 eraso
1384 1514 1429 1537 m.
1457 1505 1483 1537 2
1508 1502 1590 1544 erit)
1615 1501 1651 1535 P

118 1562 138 1594 8
164 1561 300 1595 relecta
324 1563 358 1605 (c
377 1565 473 1605 post.
501 1572 545 1596 ex
570 1572 661 1596 corr.
686 1573 730 1595 m.
759 1564 798 1602 3,-
819 1562 948 1606 fuitne
972 1562 982 1595 i
1010 1560 1042 1605 ?)
1068 1561 1109 1595 F
1225 1560 1445 1606 perspiciens
1476 1559 1542 1595 TO
1568 1571 1649 1606 per-

117 1620 264 1665 spicie.s
290 1622 326 1662 (n
353 1631 445 1655 eras.
473 1619 505 1663 .9)
530 1621 567 1654 P
648 1621 669 1655 9
690 1625 775 1665 post
800 1620 905 1655 deum
925 1631 1054 1665 parua
1077 1631 1153 1655 ras.
1180 1620 1216 1654 P
1320 1621 1359 1654 11
1389 1619 1535 1665 explicit
1557 1619 1651 1653 liber

117 1679 233 1714 sancti
266 1679 424 1724 agustini
458 1679 500 1714 de
534 1679 692 1714 uidendo
725 1679 830 1714 deum
862 1679 909 1714 ad
946 1680 1130 1725 paulinam
1163 1679 1397 1714 clarissimam
1433 1679 1463 1713 Ο
1501 1678 1649 1723 explicit

118 1738 210 1772 liber
240 1739 356 1773 sancti
388 1739 573 1784 augustini
606 1738 649 1773 de
682 1738 838 1773 uidendo
873 1738 938 1773 deo
964 1738 999 1772 L
1032 1739 1179 1784 explicit
1205 1738 1363 1784 epistula
1389 1738 1504 1773 sancti
1531 1748 1643 1782 augu-

117 1798 205 1833 stini
230 1797 274 1832 ad
300 1797 482 1842 paulinam
510 1797 553 1832 de
579 1797 736 1832 uidendo
764 1797 830 1832 deo
858 1798 943 1832 HM
969 1800 1050 1842 (om.
1078 1798 1209 1841 sancti)
1234 1797 1307 1832 FP
