1952 3118
0 639 44 682 ‘V
63 639 151 686 33⁵

663 234 1017 279 epistularum
1057 234 1229 270 CXLVII.
1620 237 1704 279 307

178 363 258 405 nisi
289 362 396 404 forte
430 363 528 416 quia
558 362 631 404 illa
663 363 1014 417 contemplatione
1048 363 1221 418 dignum
1256 365 1383 406 etiam
1420 367 1521 407 tunc
1559 365 1707 407 habuit

177 434 322 488 populi
361 433 426 475 sui
467 434 596 476 talem
639 436 844 476 rectorem
884 436 926 475 et
963 435 1203 477 ministrum
1242 435 1283 476 in
1327 438 1418 477 tota
1462 435 1585 477 domo
1630 449 1706 478 sua

177 505 356 555 fidelem,
401 508 462 556 ut,
509 518 631 559 quem
678 504 730 547 ad
774 506 947 547 modum
992 506 1305 559 concupiuerat,
1356 507 1521 548 uideret
1565 508 1704 552 deum.

178 576 303 618 sicuti
336 578 413 626 est,
447 589 553 630 quae
580 576 879 630 contemplatio
906 577 1071 619 cunctis
1097 577 1197 618 filiis
1229 578 1270 619 in
1303 577 1382 619 fine
1415 579 1704 631 promittitur?

234 648 322 689 Ista
354 647 475 689 credo
510 647 777 689 considerans
809 647 876 688 uir
905 647 977 689 ille
1009 650 1197 699 sanctus,
1237 649 1358 691 cuius
1393 649 1515 691 uerba
1556 652 1707 692 tracta-

175 732 284 769 mus,
312 723 399 760 ‘nec
420 718 630 773 apostoli'‚
652 719 802 772 inquit,
830 722 987 761 ‘omnes
1009 719 1225 761 Christum
1251 719 1479 770 uidebant'‚
1508 721 1705 774 quoniam

175 790 281 832 forte
326 790 457 843 aliqui
501 802 643 832 eorum
694 790 822 831 etiam
866 789 959 844 ipso
1003 791 1193 843 tempore
1236 790 1430 832 uiderant
1472 792 1705 833 secundum

175 861 270 910 ista,
305 873 410 914 quae
437 861 531 902 dixi.
557 864 606 903 ut
632 863 774 903 autem
800 862 1009 915 probaret,
1042 861 1154 915 quod
1181 861 1296 910 dixit,
1330 863 1430 915 quia
1454 875 1534 904 non
1561 875 1704 905 omnes

176 932 387 982 uidebant,
426 932 623 974 continuo
663 932 862 974 subiecit:
910 933 976 974 ‘Et
1019 933 1113 975 ideo
1159 933 1237 974 ait:
1282 933 1437 975 Tanto
1484 936 1704 987 tempore

175 1002 437 1045 uobiscum
477 1016 583 1045 sum
623 1005 672 1045 et
708 1004 867 1045 adhuc
905 1016 977 1045 me
1022 1017 1114 1046 non
1161 1004 1510 1058 cognouistis'.
1556 1005 1704 1046 deinde

177 1074 449 1129 subiungens,
495 1087 518 1115 a
568 1075 762 1128 qualibus
814 1075 917 1117 dens
968 1075 1164 1117 uideatur
1211 1076 1286 1117 illa
1335 1076 1703 1130 contemplatione.

176 1145 303 1187 sicuti
341 1148 423 1187 est:
457 1144 554 1196 ‘Qui
593 1146 703 1187 enim
743 1146 972 1201 cognouit’,
1011 1147 1160 1199 inquit,
1201 1150 1338 1200 ‘quae
1379 1146 1446 1188 sit
1483 1147 1702 1189 latitudo

178 1221 224 1259 et
254 1216 521 1272 longitudo
562 1219 610 1258 et
642 1217 862 1259 altitudo
903 1220 952 1259 et
988 1217 1309 1271 profundum,
1349 1220 1398 1259 et
1436 1218 1704 1272 superemi-

176 1290 370 1329 nentem
411 1287 656 1329 scientiae
696 1288 959 1329 caritatem
1000 1287 1206 1339 Christi,
1244 1288 1355 1330 uidit
1393 1291 1435 1330 et
1474 1289 1702 1339 Christum,

176 1359 284 1401 uidit
315 1361 357 1401 et
386 1362 574 1414 patrem'.

234 1431 323 1485 Ego
368 1431 469 1472 haec
513 1430 643 1472 uerba
687 1430 867 1484 apostoli
917 1430 1040 1472 Pauli
1090 1430 1150 1472 sic
1194 1431 1436 1485 intellegere
1482 1431 1615 1473 soleo:
1661 1431 1700 1472 in

174 1503 400 1545 latitudine
432 1503 541 1545 bona
579 1515 703 1556 opera
741 1502 943 1552 caritatis,
975 1503 1016 1543 in
1047 1502 1312 1557 longitudine
1349 1503 1702 1557 perseuerantiam

175 1575 375 1629 usquein
403 1574 543 1624 finem,
576 1574 617 1615 in
644 1574 867 1615 altitudine
900 1586 1018 1628 spem
1052 1574 1300 1615 caelestium
1332 1573 1628 1628 praemiorum,
1661 1575 1701 1616 iu

176 1646 381 1701 profundo
413 1645 705 1687 inscrutabilia
735 1645 893 1687 iudicia
924 1645 1004 1695 dei,
1037 1645 1147 1686 unde
1172 1645 1257 1687 ista
1283 1645 1418 1700 gratia
1441 1645 1483 1686 in
1511 1646 1701 1687 homines

176 1718 302 1770 uenit,
340 1720 382 1759 et
419 1717 529 1758 hunc
560 1716 826 1758 intellectum
860 1718 1055 1770 coaptare
1087 1716 1214 1757 etiam
1248 1718 1510 1758 sacramento
1550 1717 1700 1767 crucis,

175 1796 223 1832 ut
254 1790 293 1830 in
327 1788 551 1830 latitudine
584 1787 817 1841 accipiatur
846 1789 1135 1829 transuersum
1162 1787 1341 1842 lignum,
1369 1800 1450 1841 quo
1477 1788 1702 1830 extendun-

173 1863 241 1902 tur
271 1873 433 1909 manus‚
466 1862 636 1913 propter
667 1872 838 1912 operum
873 1858 1242 1913 significationem;
1282 1859 1322 1899 in
1356 1859 1618 1914 longitndine
1651 1860 1700 1901 ab

173 1932 263 1985 ipso
307 1943 442 1984 usque
486 1931 526 1971 in
572 1933 737 1981 terram,
787 1930 859 1971 ubi
903 1931 1041 1971 totum
1093 1941 1245 1982 corpus
1297 1929 1539 1971 crucifixum
1591 1933 1701 1972 stare

288 2095 309 2128 2
336 2094 443 2129 Num.
471 2094 525 2130 12.
548 2094 566 2127 7
635 2095 657 2128 4
684 2093 700 2127 I
727 2092 802 2127 1011.
831 2094 864 2137 3,
889 2093 910 2126 2
974 2093 1013 2134 63
1040 2093 1175 2134 9—10;
1205 2093 1344 2127 12—15
1373 2109 1415 2121 =
1436 2104 1470 2137 p.
1497 2092 1579 2135 291,
1609 2092 1700 2126 18-

172 2154 250 2193 292,
274 2154 290 2187 1
374 2153 512 2188 16—20
539 2153 582 2186 cf.
609 2164 641 2198 p.
661 2153 744 2190 208,
763 2153 897 2191 3—19;
925 2152 1005 2195 210,
1027 2152 1165 2186 16-23
1234 2151 1411 2191 20-308,
1435 2151 1473 2185 11
1499 2152 1543 2186 cf.
1563 2163 1597 2196 p.
1619 2151 1699 2187 211,

173 2213 311 2248 11-24

216 2308 237 2342 2
263 2308 386 2353 populi
413 2308 438 2351 (i
464 2319 508 2342 m.
534 2311 575 2342 ut
600 2307 677 2342 uid.
704 2310 724 2342 1
748 2307 789 2342 in
816 2318 907 2348 ras.‚·
933 2307 1008 2350 fuit
1035 2307 1070 2350 u>
1097 2306 1151 2340 sui
1178 2306 1288 2341 taleni
1308 2306 1358 2340 M
1380 2305 1522 2351 populis
1550 2305 1699 2339 uitale-m

169 2366 249 2401 HF
270 2369 327 2410 (m.
355 2369 381 2401 2
405 2367 530 2412 populi
557 2367 611 2401 sui
638 2366 763 2410 talem)
790 2366 943 2412 populus
970 2366 1119 2400 uitalem
1144 2365 1180 2399 P
1305 2367 1383 2399 toto
1415 2364 1494 2398 OM
1611 2364 1632 2398 3
1660 2367 1699 2398 ut

168 2436 234 2460 om.
267 2425 366 2460 TOL
463 2426 719 2471 concupiuerat
744 2427 853 2470 (post.
882 2436 902 2459 u
930 2427 1022 2469 eaep.)
1047 2423 1092 2458 H
1114 2423 1345 2469 concupierat
1378 2422 1476 2458 TOL
1574 2421 1696 2457 uidere

174 2484 349 2520 TOHAL
398 2486 418 2520 5
438 2485 509 2520 isto
530 2484 573 2518 H
620 2485 639 2519 7
661 2485 753 2519 forte
780 2485 810 2519 si
836 2483 975 2529 aliquid
1001 2494 1119 2518 eorum
1141 2483 1185 2518 H
1231 2484 1251 2517 8
1274 2482 1361 2528 dixi]
1385 2482 1475 2516 dixi*
1498 2483 1595 2525 (fuit
1615 2483 1644 2525 t)
1664 2483 1698 2516 A

170 2543 212 2578 10
238 2546 274 2579 et
299 2562 335 2577 μ
362 2544 478 2579 adhuc
503 2545 644 2589 (fecitne
669 2543 714 2578 ad
740 2543 773 2589 .9)
799 2544 847 2578 M
919 2544 957 2578 11
989 2543 1154 2578 uideatur
1179 2543 1215 2577 in
1242 2542 1306 2577 illa
1332 2543 1366 2576 P
1435 2542 1476 2576 12
1504 2541 1695 2586 longitudo

169 2604 204 2636 et
227 2603 383 2638 latitudo
410 2603 444 2638 P
519 2604 560 2638 14
588 2603 739 2637 scientia.
764 2603 810 2637 M
905 2602 1007 2636 uidet
1033 2601 1067 2635 P
1139 2602 1182 2635 15
1209 2598 1310 2635 uidet
1338 2601 1372 2634 P
1445 2600 1487 2634 16
1515 2611 1600 2644 ergo
1634 2599 1699 2634 TO

214 2662 387 2702 intellere,
413 2674 459 2698 m.
488 2665 513 2696 2
538 2663 743 2708 intelligere
770 2663 805 2696 P
903 2663 944 2697 17
973 2661 1180 2708 latitudine,
1204 2672 1250 2695 m.
1277 2663 1295 2694 1
1321 2671 1412 2694 corr.
1440 2658 1634 2694 altitudine
1662 2659 1701 2692 1⁸

172 2720 212 2755 18
238 2732 300 2767 spe
327 2721 367 2755 H
487 2722 532 2756 20
566 2722 737 2767 coaptari,
764 2734 809 2757 m.
838 2724 854 2755 1
880 2731 971 2757 corr.
1000 2723 1167 2766 coaptare
1196 2720 1226 2754 O
1252 2722 1397 2764 captare
1423 2718 1469 2752 M
1495 2729 1534 2752 eo
1562 2721 1698 2762 aptare.

169 2790 212 2813 m.
239 2783 258 2814 1
283 2785 350 2816 aut
377 2784 400 2815 3
432 2792 523 2816 corr.
556 2784 722 2826 coaptare
751 2781 784 2815 L
924 2780 969 2814 22
1002 2780 1037 2814 in
1074 2778 1338 2823 longitudinem
1372 2777 1456 2812 MF
1591 2777 1635 2811 23
1662 2777 1696 2810 in

170 2840 265 2873 terra
289 2839 328 2874 F

1581 2905 1648 2939 20*
