1844 3122
65 935 98 959 10

63 1288 96 1315 15

60 1644 94 1669 20

535 151 883 196 epistularum
924 150 1061 186 CXXV.
1095 150 1250 187 CXXVI.
1633 156 1654 195 7

130 281 220 323 eius
247 280 434 322 moribus
462 284 503 322 et
527 280 622 331 fide,
650 293 775 334 quam
797 280 963 322 Christo
991 282 1033 321 et
1059 279 1261 322 ecclesiae
1289 279 1474 321 debitam
1502 283 1654 322 seruat.

130 365 223 394 nam
256 357 303 394 ut
335 352 539 401 omittam,
568 351 680 406 quod
711 364 877 394 mecum
910 351 1036 402 nosti,
1069 364 1196 405 quam
1229 351 1286 392 sit
1316 352 1578 393 tremendum
1606 352 1655 393 de

130 423 309 477 periurio
344 422 534 464 diuinum
566 422 783 472 iudicium,
810 422 916 463 illud
949 425 1059 464 certe
1093 422 1192 472 scio,
1221 422 1325 463 nulli
1357 435 1432 464 nos
1461 422 1654 475 deinceps

129 506 371 536 suscensere
404 494 568 545 debere,
596 493 668 547 qui
694 493 814 535 nobis
847 493 1084 535 iurantibus
1111 506 1189 534 non
1224 493 1458 543 crediderit,
1489 493 1524 534 si
1557 493 1654 535 talis

127 565 206 606 uiri
238 564 465 618 periurium
499 577 578 606 non
612 563 734 606 modo
768 576 900 617 aequo
933 564 1070 606 animo
1097 563 1313 606 ferendum
1346 576 1494 605 uerum
1527 563 1656 605 etiam

127 635 432 677 defendendum
475 635 733 688 putabimus.
778 634 890 688 quod
934 637 976 676 et
1002 648 1025 676 a
1050 635 1170 677 nobis
1211 637 1253 676 et
1290 634 1340 676 ab
1379 634 1452 676 illo
1492 635 1656 677 auertat

125 705 239 748 illius
278 706 577 756 misericordia,
619 706 690 759 qui
735 706 843 748 eruit
881 719 904 747 a
940 705 1476 760 temptationesperantes
1515 705 1555 746 in
1595 718 1654 748 se.

126 776 235 818 sicut
273 789 369 831 ergo
408 777 448 818 in
488 776 806 819 commonitorio
846 776 1116 830 rescripsisti,
1161 776 1337 829 impleat
1381 776 1652 830 promissum,

126 847 237 900 quod
268 847 327 888 ita
366 859 410 888 se
449 847 645 901 promisit
683 847 733 888 ab
766 847 962 901 Hippone
1000 860 1080 890 non
1119 859 1399 898 recessurum,
1439 860 1563 900 quem
1602 846 1653 888 ad

124 918 293 960 modum
340 931 416 973 ego
461 919 530 961 uel
580 919 662 972 ipsi
705 919 1018 973 Hipponienses
1068 931 1150 962 non
1202 919 1452 969 recedimus,
1498 918 1652 972 quibus

123 993 262 1031 tamen
303 992 344 1032 et
381 990 561 1032 abeundi
600 992 641 1032 et
679 990 880 1032 redeundi
919 991 1098 1032 facultas
1138 992 1203 1032 est
1240 990 1383 1042 libera,
1422 990 1502 1031 nisi
1541 989 1653 1043 quod

123 1060 202 1111 his,
236 1061 306 1114 qui
344 1061 551 1104 iuratione
590 1075 668 1103 non
708 1062 958 1112 detinentur,
992 1061 1118 1103 etiam
1158 1062 1325 1103 omnino
1365 1063 1407 1103 et
1444 1060 1651 1115 migrandi

122 1134 164 1174 et
194 1145 274 1174 non
306 1133 508 1174 redeundi
539 1133 628 1174 sine
661 1133 833 1186 periurii
865 1135 983 1175 reatu
1016 1135 1204 1187 potestas
1238 1135 1317 1176 est.

183 1203 366 1246 Clericos
400 1217 498 1246 sane
531 1207 695 1246 nostros
729 1205 798 1245 uel
830 1205 978 1246 fratres
1021 1204 1062 1245 in
1102 1203 1354 1246 monasterio
1395 1202 1652 1245 constitutos

121 1275 345 1329 participes
378 1276 447 1317 uel
480 1277 714 1318 hortatores
747 1276 879 1318 fuisse
913 1275 1263 1318 contumeliarum
1302 1278 1469 1317 tuarum
1508 1275 1649 1315 utrum

122 1346 286 1398 probari
318 1347 466 1399 possit,
498 1346 655 1402 ignoro.
700 1360 793 1389 nam
828 1360 921 1388 curn
957 1348 1035 1389 hoc
1074 1346 1350 1401 quaesissem,
1384 1346 1544 1388 dictum
1587 1350 1652 1386 est

120 1430 250 1458 unum
288 1420 453 1459 tantum
494 1417 616 1459 modo
657 1417 1027 1473 Carthaginensem
1062 1418 1111 1460 de
1149 1418 1402 1459 monasterio
1445 1417 1651 1458 clamasse

121 1501 214 1530 cum
249 1489 420 1543 populo,
448 1502 543 1531 cum
576 1489 698 1531 illum
731 1490 1022 1544 presbyterum
1054 1492 1256 1544 peterent,
1291 1502 1370 1531 non
1405 1501 1499 1530 cum
1534 1488 1574 1528 in
1609 1491 1651 1529 te

120 1559 291 1614 indigna
328 1560 542 1602 iactarent.
588 1560 755 1601 adiunxi
799 1560 897 1601 huic
936 1560 1144 1613 epistulae
1182 1559 1317 1613 ipsius
1356 1558 1650 1612 promissionis

121 1631 356 1683 exemplum
379 1643 423 1672 ex
446 1631 635 1672 chartula
661 1630 806 1672 eadem
833 1630 1098 1680 translatum,
1120 1643 1244 1684 quam
1265 1630 1355 1683 ipse
1382 1628 1650 1682 subscripsit,

120 1706 160 1742 et
192 1714 258 1743 me
290 1701 537 1755 inspiciente
571 1702 853 1743 emendatum.

790 1829 974 1872 CXXVI.

117 1920 340 1956 DOMINAE
380 1920 596 1957 SANCTAE
628 1921 690 1957 AC
722 1921 1020 1957 VENERABILI
1056 1923 1283 1959 FAMULAE
1315 1922 1398 1957 DEI
1434 1922 1649 1957 ALBINAE

440 1980 750 2017 AUGUSTINUS
776 1981 827 2016 IN
862 1981 1056 2017 DOMINO
1085 1982 1318 2017 SALUTEM.

175 2065 370 2107 Dolorem
411 2066 538 2108 animi
577 2066 655 2117 tui,
696 2079 820 2120 quem
858 2069 900 2109 te
940 2067 1089 2110 scribis
1130 2068 1336 2122 explicare
1380 2080 1460 2110 non
1506 2079 1646 2119 posse,

116 2137 322 2178 consolari
355 2149 533 2190 aequum
568 2143 645 2188 est,
679 2150 758 2180 non
793 2151 959 2193 augere,
991 2141 1053 2189 ut,
1082 2139 1119 2181 si
1143 2138 1234 2181 fieri
1259 2140 1414 2192 potest,
1447 2150 1645 2179 sanemus

117 2209 378 2262 suspiciones
417 2211 527 2259 tuas,
566 2222 644 2250 non
686 2212 735 2251 ut
779 2210 839 2252 eis
883 2223 956 2264 pro
1002 2214 1143 2252 nostra
1189 2223 1317 2252 causa
1360 2208 1647 2252 suscensendo

235 2335 252 2368 Τ
281 2334 338 2368 Ps.
368 2334 423 2373 17,
450 2335 513 2375 30;
541 2334 577 2369 11
602 2335 700 2370 Petr.
728 2336 760 2376 2,
788 2336 809 2370 9

162 2418 182 2451 ‘2
209 2417 327 2451 omitti
361 2416 396 2451 U
458 2418 552 2461 ὅρι’.
574 2420 611 2452 et
636 2428 703 2453 om.
738 2418 810 2453 VU
874 2420 894 2453 9
922 2430 1011 2464 quo*
1037 2419 1073 2463 (d
1100 2422 1206 2461 eras.)
1240 2419 1274 2454 V
1297 2430 1366 2464 quo
1394 2419 1473 2456 cdd.
1557 2431 1643 2464 quc-

114 2474 268 2509 admodn
302 2475 334 2509 T
430 2476 472 2509 10
497 2476 712 2522 ipponenses
746 2477 817 2512 VU
840 2478 1091 2523 Hipponenses
1117 2478 1198 2513 edd.
1296 2478 1440 2523 quibus!
1471 2490 1539 2524 quc¹
1574 2478 1646 2512 Vl?

116 2534 154 2568 11
178 2545 237 2579 pr.
265 2537 302 2569 et
327 2545 394 2569 om.
428 2534 500 2569 VU
571 2535 614 2569 12
639 2536 709 2570 hiis
742 2536 776 2570 V
847 2537 889 2570 13
916 2537 991 2571 siue
1025 2537 1060 2572 U
1101 2538 1166 2572 -17
1194 2536 1532 2582 Carthaginensium
1561 2537 1640 2571 edd.

113 2593 157 2628 20
184 2595 239 2638 cxl
268 2596 304 2628 et
336 2593 370 2627 U
463 2594 539 2640 ipse
565 2597 686 2630 transc
712 2596 1084 2655 subscripsitstransc
1110 2598 1202 2641 exp.)
1234 2596 1269 2630 U

231 2675 332 2711 Idem
359 2676 507 2719 codices,
534 2678 597 2723 qui
623 2678 661 2713 in
688 2689 738 2722 ep.
770 2678 942 2713 CXXIV
966 2683 998 2713 et
1029 2678 1186 2714 CXXV.

160 2757 202 2791 27
232 2757 297 2801 eis]
327 2769 386 2791 eas
418 2758 451 2793 T
545 2759 792 2794 succendendo
827 2760 859 2794 Τ
