1844 3122
76 976 108 1000 10

78 1331 110 1357 15

78 1687 111 1711 20

79 2043 113 2068 25

602 191 954 235 epistularum
995 191 1189 228 CXXVIII.
1608 200 1663 239 33

132 322 251 369 serit;
286 334 379 362 nam
413 333 495 374 qua
526 320 662 362 fronte
693 320 734 362 in
768 320 909 362 futuro
945 321 1113 363 saeculo
1146 322 1406 375 promissum
1439 336 1462 364 a
1496 323 1663 366 Christo

133 392 396 445 sperabimus
424 392 639 440 honorem.¹
662 391 697 433 si
720 391 1000 433 Christianam
1021 391 1063 433 in
1084 392 1162 433 hoc
1184 393 1351 435 saeculo
1374 396 1516 436 noster
1535 395 1666 437 honor

132 462 310 516 impedit
342 462 575 503 unitatem?

192 535 306 575 Haec
339 537 558 588 propterea
583 534 863 588 praestantiae
892 538 988 576 tuae
1016 535 1236 577 scribenda
1263 537 1521 588 curauimus,
1549 540 1599 580 ut
1623 541 1665 580 et

133 619 207 660 per
232 608 273 647 te
300 606 564 647 innotescant
591 605 798 647 omnibus.
825 606 1107 659 postulamus,
1131 609 1179 648 ut
1203 607 1245 648 in
1273 608 1479 650 adiutorio
1508 609 1666 651 domini

133 677 198 718 dei
231 677 375 726 nostri,
409 689 490 730 quo
524 676 772 718 admonente
804 677 888 718 ista
920 677 1209 731 promittimus
1244 680 1284 720 et
1317 692 1398 732 quo
1438 679 1665 722 adiuuante

133 761 206 790 nos
239 747 412 802 implere
444 760 570 801 posse
604 747 867 798 confidimus,
897 748 1025 789 etiam
1058 750 1152 790 ante
1186 749 1479 799 conlationem,
1509 751 1545 792 si
1577 750 1666 792 fieri

133 821 287 874 potest.
327 819 450 860 corda
486 819 703 861 hominum
743 819 813 860 uel
851 819 1014 860 infirma
1052 821 1121 861 uel
1160 819 1263 861 dura
1295 820 1364 874 pia
1402 821 1554 863 caritas
1594 825 1667 864 aut

134 892 252 931 sanet
283 891 355 930 ant
387 889 555 931 edomet
587 901 633 930 ac
661 889 721 931 sic
747 889 831 930 iam
857 889 1044 943 pacificis
1071 891 1283 932 mentibus
1311 904 1390 932 non
1416 891 1666 934 resistamus

134 961 507 1003 manifestissimae
539 961 710 1002 ueritati
744 963 785 1002 et
817 960 1149 1014 disputationem
1182 964 1365 1003 nostram
1400 962 1470 1003 uel
1501 975 1664 1016 praece-

134 1032 281 1074 damus
303 1031 524 1074 concordia
551 1032 620 1073 uel
641 1044 880 1085 sequamur.
907 1045 1043 1085 neque
1070 1032 1179 1073 enim
1207 1032 1425 1086 desperare
1448 1033 1666 1081 debemus,

136 1103 171 1145 si
220 1104 411 1144 recolunt
462 1103 606 1144 beatos
659 1115 750 1144 esse
802 1102 1027 1156 pacificos,
1079 1104 1328 1156 quoniam
1387 1103 1492 1158 ipsi
1553 1104 1665 1146 filii

136 1175 228 1216 dei.
265 1174 617 1225 uocabuntur,
657 1175 792 1215 multo
833 1173 1001 1227 dignius
1042 1176 1083 1215 et
1121 1174 1289 1216 facilius
1336 1188 1407 1217 eos
1453 1175 1578 1219 uelle.
1619 1178 1669 1217 ut

135 1258 229 1299 pars
262 1246 417 1287 Donati
449 1245 647 1287 uniuerso
683 1245 770 1286 orbi
805 1244 1041 1287 Christiano
1075 1245 1383 1295 reconcilietur,
1419 1259 1543 1300 quam
1577 1247 1665 1288 uni-

137 1330 283 1359 uersus
334 1317 444 1359 orbis
498 1316 761 1359 Christianus
802 1330 824 1358 a
861 1318 978 1369 parte
1023 1316 1177 1358 Donati
1227 1316 1524 1370 rebaptizetur,
1570 1331 1666 1359 cum

134 1388 379 1442 praesertim
430 1388 480 1429 de
530 1387 770 1429 Maximiani
827 1387 1031 1442 sacrilego
1089 1390 1130 1429 et
1186 1387 1381 1428 damnato
1438 1388 1667 1430 schismate

136 1459 368 1509 uenientes,
402 1472 506 1512 quos
546 1459 672 1500 etiam
710 1462 965 1500 terrenarum
1007 1460 1265 1512 potestatum
1306 1458 1567 1501 iussionibus
1608 1461 1667 1500 in-

137 1531 336 1573 sectando
377 1530 594 1572 emendare
634 1532 843 1581 curarunt,
883 1531 999 1570 tanta
1043 1529 1267 1571 dilectione
1313 1530 1580 1582 quaesierint,
1619 1532 1670 1572 ut

137 1615 211 1644 nec
244 1602 502 1656 baptismum
537 1602 586 1642 ab
621 1600 680 1642 eis
714 1601 858 1642 datum
891 1599 1127 1642 rescindere
1160 1600 1361 1642 auderent
1394 1603 1435 1642 et
1462 1601 1667 1655 quosdam

138 1687 280 1715 eorum
319 1673 536 1714 damnatos
576 1673 663 1714 sine
708 1673 795 1713 ulla
839 1671 1007 1714 honoris
1053 1683 1196 1713 eorum
1243 1672 1530 1713 deminutione
1576 1685 1667 1714 sus·

137 1745 336 1798 ciperent,
365 1744 569 1798 quosdam
606 1756 701 1786 uero
735 1743 775 1784 in
808 1743 925 1784 illius
959 1743 1223 1784 discissionis
1258 1743 1461 1785 societate
1487 1744 1667 1797 inpollu-

136 1820 202 1858 tos
235 1816 366 1857 fuisse
400 1817 628 1857 censerent.
663 1828 840 1869 quorum
874 1814 982 1856 inter
1020 1827 1064 1855 se
1104 1813 1348 1856 concordiae
1387 1827 1468 1855 nou
1507 1814 1666 1857 inuide-

137 1901 250 1935 mus:
285 1887 357 1929 sed
391 1900 462 1928 eos
496 1889 607 1928 certe
641 1888 805 1940 oportet
837 1885 1067 1937 aduertere,
1102 1898 1226 1939 quam
1264 1885 1331 1938 pie
1369 1887 1485 1927 tanto
1525 1885 1666 1927 studio

137 1972 299 2000 ramum
339 1971 360 1999 a
399 1971 443 2000 se
482 1958 664 2000 fractum
701 1957 815 1998 radix
855 1956 1062 1999 catholica
1100 1956 1287 2010 inquirit,
1322 1956 1356 1998 si
1396 1970 1537 1998 ramus
1577 1957 1666 2010 ipso

139 2031 335 2072 similiter
366 2043 388 2071 a
416 2043 459 2072 se
493 2043 668 2084 paruum
696 2029 883 2082 fragmen
911 2028 1093 2070 incisum
1127 2027 1187 2070 sic
1220 2027 1418 2082 colligere
1445 2028 1668 2070 laborauit.

199 2099 266 2157 [Et
299 2101 380 2142 alia
412 2099 574 2157 manilz]

262 2252 301 2285 12
330 2251 459 2285 Matth.
489 2253 521 2289 ἴ),
548 2251 568 2285 9
643 2250 688 2284 24
715 2250 814 2284 Hom.
845 2250 899 2289 11,
929 2250 970 2284 16

686 2339 700 2353 V

190 2364 203 2398 1
235 2364 364 2399 sutoro.
392 2375 435 2397 m.
463 2366 481 2396 1
507 2373 596 2397 corr.
624 2362 743 2397 futoro
769 2362 806 2396 P
885 2362 1028 2396 saeculo
1058 2365 1091 2403 (o
1119 2372 1162 2396 ea:
1189 2372 1279 2397 corr.
1309 2373 1352 2395 m.
1381 2364 1418 2403 2)
1444 2361 1479 2394 Ρ
1539 2362 1559 2394 *2
1587 2373 1665 2405 spe-

141 2423 295 2457 rauimus
322 2423 356 2457 P
500 2424 521 2456 4
550 2424 589 2456 ut
614 2423 665 2466 et]
692 2431 727 2456 et
755 2426 794 2456 ut
824 2421 856 2456 G
1003 2422 1020 2455 7
1050 2432 1153 2465 posse
1181 2433 1260 2464 om.,
1286 2433 1312 2457 s.
1343 2433 1375 2454 11.
1403 2432 1448 2455 m.
1476 2423 1494 2453 1
1520 2420 1605 2454 add.
1634 2420 1669 2453 P

146 2483 186 2518 10
212 2486 368 2516 nostram
395 2493 461 2518 om.
494 2481 526 2515 G
626 2482 667 2515 12
696 2493 773 2515 esse
800 2480 967 2526 pacificos
997 2481 1120 2515 beatos
1151 2480 1183 2514 G
1284 2481 1325 2514 14
1353 2479 1550 2515 uniuersos.
1578 2491 1620 2513 m.
1650 2482 1668 2512 1

415 2536 427 2549 V

142 2569 231 2594 corr.
259 2560 444 2594 uniuersos
471 2559 506 2592 P
640 2560 680 2592 16
708 2558 874 2592 maximia
891 2569 947 2595 no,
976 2570 1018 2592 m.
1049 2562 1085 2591 nt
1109 2552 1188 2592 11ίά.
1218 2561 1235 2590 1
1260 2568 1375 2601 supra
1402 2556 1608 2590 maximiani
1635 2556 1671 2589 P

144 2619 186 2652 18
213 2618 421 2662 dilectione]
448 2617 639 2661 diligentia
668 2617 701 2651 G
859 2617 1090 2661 quaesierint,
1119 2629 1161 2650 m.
1190 2619 1215 2650 2
1241 2616 1471 2660 quaesierant
1498 2615 1532 2648 P
1558 2625 1666 2659 quae-

143 2678 279 2711 sierunt
308 2677 340 2711 G
438 2681 477 2711 ut
501 2677 575 2719 fere
602 2680 715 2710 totum
740 2677 888 2710 ηιαοιιῐα
914 2687 957 2710 ea:
983 2680 1190 2709 atramento
1215 2675 1406 2709 obductum
1430 2674 1464 2707 P
1535 2674 1580 2707 ‘20
1607 2683 1666 2707 eo-

144 2748 217 2771 rum
245 2748 311 2770 om.
342 2736 374 2770 G
520 2734 759 2769 diminutione
789 2735 822 2769 (ι’
848 2746 882 2768 m
1003 2735 1047 2769 22
1075 2746 1152 2768 esse
1183 2734 1215 2768 G
1336 2735 1380 2766 ‘223
1414 2735 1509 2767 certe
1536 2742 1602 2767 om.
1633 2730 1667 2765 G

191 2806 324 2830 ramum
352 2807 372 2829 a
398 2806 434 2829 se
462 2794 614 2829 fractum
641 2797 743 2828 tanto
771 2793 890 2827 studio
923 2794 955 2826 (ί
1030 2795 1074 2827 ⁴25
1101 2793 1318 2827 laborauerit
1349 2792 1381 2826 G

180 2877 347 2903 xxxxiln
365 2877 442 2908 Aug.
463 2880 534 2902 sect.
550 2877 575 2901 11
591 2883 659 2907 pars
680 2878 695 2900 :3
1597 2858 1618 2893 3
