1952 3118
682 171 1029 218 epistularum
1069 171 1160 207 cxi„
1604 174 1692 214 219

166 316 273 344 mmo
311 302 482 356 longum
525 304 600 344 est.
643 301 716 343 sed
755 302 851 355 quia
890 302 969 343 hoc
1008 301 1162 355 ipsum.
1203 300 1314 354 quod
1352 301 1455 342 deus
1493 300 1695 342 iustificat

168 374 372 415 homines.
405 373 530 415 nimis
563 372 729 415 occulto
767 373 924 414 iudicio
958 373 1069 423 facit,
1109 373 1306 425 quoniam
1340 372 1523 427 gratuita
1561 372 1695 427 gratia

166 445 266 486 facit
305 470 347 473 —
389 445 432 485 si
466 447 637 487 autem
672 443 862 499 gratia.
903 456 998 485 non
1045 456 1099 484 ex
1140 444 1412 497 operibus,
1447 443 1692 496 alioquin

167 515 347 571 gratia
396 515 495 556 iam
545 527 642 556 non
696 517 779 556 est
829 514 1026 570 gratia:
1075 527 1120 555 ex
1166 515 1244 555 hoc
1291 514 1445 567 quippe
1490 514 1696 568 incipiunt

125 599 287 641 sopera
337 587 458 636 bona,
505 599 551 628 ex
601 599 682 640 quo
733 585 1026 633 iustificamur,
1077 598 1171 633 non.¹
1217 585 1315 638 quia
1363 587 1694 638 praecesserunt.

107 958 138 982 10

105 1313 138 1339 15

162 657 459 701 iustificamur:
495 660 537 699 et
573 657 652 699 hoe
687 659 751 698 est
782 656 1117 711 profundum,
1146 656 1195 697 de
1223 668 1304 710 quo
1333 656 1527 709 superius
1559 656 1694 696 multa

164 729 245 770 iam
293 728 474 769 diximus
521 754 588 771 —.
629 728 824 769 continuo
871 727 910 768 in
957 727 1101 768 eodem
1148 726 1311 781 psalmo
1358 739 1451 767 cum
1499 726 1692 767 dixisset:

162 800 391 841 Iustitia
440 802 534 840 tua
585 799 738 841 uelut
788 801 996 840 montes
1049 798 1146 842 dei.
1193 798 1428 839 subiunxit:
1481 797 1692 839 Iudicia

162 874 253 912 tua
291 870 446 912 uelut
484 870 656 911 multa
695 870 939 923 abyssus.
979 869 1073 910 inde
1113 869 1229 910 uenit
1261 868 1312 909 ad
1346 869 1526 911 salutem
1561 869 1692 910 homi-

162 941 285 983 nibus
322 941 607 995 iumentisque
646 953 926 983 communem.
966 942 1063 993 quia
1108 943 1149 982 et
1187 940 1278 993 ipsa
1317 953 1361 981 ex
1406 940 1691 982 misericordia

165 1012 230 1054 dei
263 1015 340 1058 est.
375 1015 417 1054 et
450 1012 571 1053 dicit:
611 1012 865 1053 Homines
907 1014 956 1052 et
994 1011 1236 1052 iumenta
1277 1011 1462 1053 saluos
1503 1011 1690 1053 facies.

165 1084 384 1126 domine.
427 1084 573 1125 sicut
611 1083 989 1136 multiplicata
1035 1086 1114 1124 est
1158 1082 1542 1124 misericordia
1586 1084 1689 1124 tua.

165 1155 304 1206 deus,
331 1158 379 1196 ut
411 1155 506 1196 hinc
539 1154 836 1208 intellegamus
869 1154 993 1195 etiam
1029 1154 1143 1194 illam
1179 1153 1357 1195 salutem
1393 1153 1689 1206 sempiternam

164 1230 205 1268 et
248 1225 526 1268 inmortalem.
566 1225 616 1266 de
662 1237 742 1277 qua
787 1224 887 1266 dicit
933 1225 1174 1277 apostolus:
1223 1223 1320 1277 Spe
1365 1225 1502 1265 enim
1548 1224 1690 1266 salui

163 1297 296 1339 facti
324 1310 520 1346 sumuS,
549 1296 745 1337 similiter
771 1298 817 1336 ut
842 1295 983 1344 istam,
1012 1308 1117 1348 quae
1143 1295 1384 1336 hominibus
1405 1295 1691 1348 iumentisque

163 1369 399 1410 communis
440 1370 517 1410 est.
557 1368 688 1422 gratis
727 1379 801 1408 nos
847 1367 1034 1420 accipere
1080 1379 1175 1407 non
1224 1379 1278 1407 ex
1323 1366 1594 1420 operibus.
1636 1379 1691 1406 ne

163 1441 303 1481 forte
348 1439 467 1492 quis
513 1439 827 1481 extollatur.
863 1439 961 1492 quia
999 1450 1121 1491 opera
1162 1438 1270 1478 bona
1310 1451 1355 1478 ex
1394 1437 1530 1491 ipsius
1568 1437 1686 1478 iusti-

163 1511 355 1553 ficatione
407 1523 639 1564 operamur.
698 1510 874 1564 ipsius
934 1511 1067 1551 enim
1129 1523 1310 1550 sumus
1368 1509 1686 1563 figmentum

165 1582 333 1623 creati
386 1581 433 1622 in
488 1581 706 1622 Christo
759 1581 879 1622 lesu
933 1586 980 1622 in
1034 1581 1290 1635 operibus
1343 1580 1512 1621 bonis.
1558 1589 1688 1632 quae

163 1653 517 1707 praeparauit
549 1652 692 1695 deus.
721 1655 777 1693 ut
804 1652 852 1693 in
887 1652 1006 1693 illis
1040 1653 1389 1693 ambulemus.
1424 1653 1465 1692 et
1491 1650 1563 1692 illa
1590 1663 1688 1705 ergo

164 1724 277 1766 salus
317 1724 498 1778 gratuita
540 1726 617 1772 est,
657 1723 705 1765 de
746 1737 826 1776 qua
864 1724 903 1764 in
945 1723 1025 1765 alio
1064 1724 1228 1777 psalmo
1268 1723 1437 1764 dieitur:
1475 1722 1687 1763 Domini

163 1797 246 1836 est
289 1795 440 1836 salus
480 1797 530 1837 et
569 1808 728 1848 super
768 1795 1021 1848 populum
1056 1798 1202 1836 tuum
1237 1793 1553 1836 benedictio
1586 1795 1690 1834 tua.

223 1864 341 1908 Sicut
385 1879 497 1921 ergo,
545 1867 655 1919 quod
700 1866 873 1920 legitur:
925 1866 1137 1907 Domini
1183 1868 1265 1907 est
1309 1865 1473 1914 salus,
1519 1877 1598 1906 non
1645 1877 1689 1904 ea

163 1936 276 1977 salus
316 1937 588 1991 intellegitur.
625 1950 705 1990 qua
743 1937 937 1978 dominus
978 1937 1122 1978 saluus
1163 1940 1239 1978 est.
1280 1936 1351 1977 sed
1395 1949 1477 1990 qua
1509 1935 1551 1976 hi
1584 1935 1690 1976 salui

106 2027 112 2034 ·
164 2011 272 2049 sunt.
307 2021 411 2061 quos
450 2009 540 2062 ipse
580 2008 722 2049 saluos
760 2008 876 2057 facit,
911 2008 985 2057 sie,
1019 2021 1113 2049 cum
1152 2009 1308 2062 legitur
1346 2008 1411 2048 dei
1448 2006 1613 2048 iustitia
1652 2006 1689 2047 iu

165 2091 225 2127 eo,
271 2079 382 2133 quod
428 2080 630 2132 seriptum
678 2082 760 2121 est:
813 2079 1136 2134 Ignorantes
1188 2079 1271 2120 dei
1318 2078 1593 2120 iustitiam
1642 2080 1689 2118 et

165 2162 307 2191 suam
354 2151 606 2192 uolentes
654 2151 1010 2193 constituere.
1057 2164 1134 2191 non
1181 2157 1246 2191 est
1284 2150 1357 2191 illa
1396 2148 1689 2204 intellegenda.

281 2313 302 2345 3
328 2313 429 2346 Rom.
460 2313 514 2348 11.
541 2314 561 2347 6
647 2313 683 2348 8:
716 2314 754 2347 11
784 2313 840 2349 Ps.
869 2316 925 2350 35.
954 2314 1045 2347 ἰ’-8
1136 2313 1178 2347 14
1204 2313 1304 2347 Rom.
1333 2314 1364 2355 8,
1391 2313 1437 2347 24
1525 2313 1567 2345 16
1595 2311 1687 2356 Eph.

164 2369 196 2409 2,
222 2371 314 2405 8—9
390 2372 432 2405 18
459 2371 550 2416 Eph.
577 2372 610 2408 2,
639 2372 683 2405 10
756 2373 796 2405 21
829 2372 883 2405 Ps.
912 2374 944 2414 3,
972 2373 992 2406 9

213 2483 227 2516 l
258 2483 356 2528 quial
385 2484 442 2528 qd,
470 2483 567 2518 unde
591 2495 634 2520 m.
664 2489 702 2519 ut
728 2485 803 2519 uid.
834 2489 857 2518 Γ.)
883 2464 951 2529 (μὴ
978 2485 1018 2519 Ν
1136 2487 1156 2519 4
1185 2486 1253 2519 iam
1281 2497 1348 2519 om.
1381 2486 1411 2519 (ι’
1423 2484 1452 2517 Τ
1571 2485 1591 2515 ⁴¹»
1619 2484 1686 2517 iam

162 2541 275 2575 multa
300 2542 378 2576 edd.
455 2543 472 2576 Τ
494 2547 580 2586 post
607 2545 777 2578 continuo
806 2557 847 2578 m.
877 2547 901 2578 2
928 2544 1015 2578 add.
1043 2545 1135 2579 enim
1167 2546 1198 2575 (ι’
1229 2571 1236 2574 .
1274 2547 1294 2578 8
1320 2545 1430 2578 iustia
1460 2544 1489 2577 Ο
1575 2541 1687 2581 uelut]

163 2599 254 2634 sicut
283 2600 355 2635 GT
474 2603 494 2635 9
522 2601 671 2646 abyssus
698 2603 810 2637 multa
841 2602 912 2637 GT
937 2603 1014 2637 edd.
1041 2614 1107 2638 see.
1134 2615 1227 2639 sacr.
1258 2604 1325 2637 lm.
1472 2601 1628 2635 hominis
1655 2600 1690 2634 R

166 2657 208 2692 10
233 2670 272 2693 ex
298 2670 365 2693 om.
401 2660 429 2693 T
521 2661 559 2695 11
591 2660 646 2695 dei
675 2673 741 2696 om.
773 2663 804 2696 (ι’
902 2664 942 2696 12
970 2663 1071 2701 secit,
1099 2675 1142 2697 m.
1171 2666 1187 2695 1
1213 2674 1303 2698 eurr.
1331 2663 1425 2697 sicit.
1453 2672 1495 2696 m.
1523 2663 1548 2694 2
1572 2671 1687 2703 supra

163 2716 256 2751 sicut
285 2717 316 2751 Τ
407 2720 448 2753 13
475 2719 557 2753 hinc
583 2731 650 2753 om.
681 2720 753 2753 G'l'
847 2722 886 2754 1⁴3
914 2722 1026 2765 gratis
1053 2732 1119 2755 am.
1147 2721 1183 2755 R
1280 2723 1325 2754 2⁴»
1353 2720 1491 2764 parauit
1527 2718 1555 2751 'l'
1651 2724 1688 2751 ut

163 2785 241 2815 om..
268 2788 310 2810 m.
340 2781 357 2811 1
384 2777 433 2813 (Ρ)
462 2778 548 2811 add.
583 2778 612 2811 7'
706 2780 801 2813 salus
829 2792 912 2818 ergo
939 2780 1017 2815 edd,
1094 2782 1138 2814 ’.ἶ-ἰ
1167 2781 1262 2815 fovit.
1286 2792 1328 2813 m.
1354 2782 1370 2812 1
1390 2790 1479 2813 corr.
1501 2778 1586 2812 facit
1615 2777 1644 2810 'I'
