1952 3118
112 973 144 998 10

111 1325 143 1351 15

110 1682 144 1707 20

605 184 956 229 epistularum
995 183 1149 219 CXLIX.
1189 183 1258 218 CL.
1614 186 1694 225 381

171 317 326 370 ubique
376 316 487 357 fama
538 313 809 356 celeberrima
858 313 1087 367 praedicat,
1132 312 1454 354 uelocissimum
1506 312 1697 353 uolatum

171 388 260 429 eius
293 386 476 428 fideliore
509 387 635 438 atque
668 385 845 426 certiore
877 384 1115 426 litterarum
1154 383 1299 425 nuntio
1339 383 1617 437 praeuenistis
1658 388 1699 424 et

170 459 283 513 prius
328 470 403 499 nos
448 457 610 499 fecistis
663 457 846 497 exultare
892 455 942 497 de
988 455 1156 510 cognito
1206 458 1292 495 tam
1345 454 1697 496 excellentissimo

170 531 276 571 bono
297 541 422 582 quam
445 527 636 569 dubitare
664 526 714 568 de
742 526 900 569 audito,
935 525 1030 579 quis
1058 525 1199 566 uerbis
1228 525 1419 578 explicet,
1448 525 1542 578 quis
1571 525 1698 579 (ligno

169 599 389 655 praeconio
442 600 736 652 prosequatur,
786 599 989 650 quantum
1042 595 1427 650 incomparabiliter
1470 595 1698 650 gloriosius

170 675 294 724 atque
327 669 588 711 fructuosius
623 669 775 710 habeat
807 681 854 710 ex
885 670 1028 710 uestro
1063 668 1267 722 sanguine
1299 667 1476 709 feminas
1510 667 1697 721 uirgines

170 742 363 785 Christus
398 753 523 794 quam
558 740 671 782 uiros
704 741 898 781 consules
932 739 1144 780 mundus?
1196 751 1292 779 nam
1339 738 1558 779 uolumina
1596 741 1699 779 tem-

169 826 316 869 porum
355 812 390 854 si
432 825 632 865 magnum
679 813 806 864 atque
850 811 1111 864 praeclarum
1158 813 1223 851 est
1263 809 1445 851 nominis
1492 809 1698 864 dignitate

169 885 346 939 signare,
382 884 537 936 quanto
572 884 637 923 est
668 881 805 923 maius
834 884 960 934 atque
989 880 1245 933 praeclarius
1273 879 1410 922 cordis
1445 882 1486 922 et
1513 880 1698 934 eorporis

168 954 410 1010 integritate
444 952 756 994 transcendere!
801 952 938 1007 magis
978 952 1122 1005 itaque
1157 951 1339 1006 gaudeat
1370 952 1514 1004 puella
1545 951 1699 993 nobilis

167 1038 331 1081 genere,
364 1023 542 1066 nobilior
576 1023 816 1073 sanctitate,
850 1023 961 1076 quod
995 1023 1051 1064 sit
1083 1035 1158 1076 per
1196 1022 1389 1064 diuinum
1435 1022 1695 1065 consortium

167 1097 433 1151 praecipuam
467 1096 507 1136 in
542 1095 670 1137 caelis
697 1096 976 1136 consecutura
1008 1094 1329 1144 sublimitatem,
1357 1106 1481 1147 quam
1516 1094 1551 1135 si
1585 1098 1699 1135 esset

168 1181 240 1222 per
270 1168 501 1209 humanum
534 1166 762 1208 conubium
794 1167 952 1220 prolem
988 1168 1272 1220 propagatura
1298 1164 1540 1206 sublimem.
1576 1178 1698 1219 gene-

163 1238 303 1291 rosius
327 1238 481 1292 quippe
503 1237 633 1292 elegit
652 1237 854 1278 Aniciana
874 1236 1102 1291 posteritas
1129 1238 1215 1277 tam
1242 1236 1465 1277 inlustrem
1493 1236 1696 1278 familiam

168 1311 288 1352 beare
333 1309 503 1362 nuptias
550 1308 773 1350 nesciendo
826 1320 949 1361 quarn
996 1307 1280 1360 multiplicare
1324 1307 1524 1360 pariendo
1570 1310 1612 1348 et
1655 1308 1695 1348 in

170 1393 289 1422 earne
322 1380 404 1421 iam
436 1379 593 1421 imitari
628 1379 759 1420 uitam
794 1379 1039 1433 angelorum
1075 1391 1198 1432 quam
1241 1392 1286 1419 ex
1321 1392 1442 1419 earne
1476 1391 1697 1419 numerum

169 1451 304 1493 adhuc
326 1463 478 1505 augere
499 1450 754 1491 mortalium.
787 1451 888 1491 haec
917 1453 981 1490 est
1009 1450 1176 1491 uberior
1195 1449 1496 1503 fecundiorque
1517 1449 1697 1491 felicitas

169 1534 246 1564 non
280 1525 425 1563 uentre
459 1534 705 1576 grauescere
740 1521 811 1562 sed
846 1524 984 1562 mente
1019 1522 1308 1575 grandescere.
1349 1534 1428 1563 non
1468 1521 1696 1563 lactescere

169 1596 334 1648 pectore
362 1593 435 1634 sed
463 1592 585 1634 corde
614 1592 877 1644 candescere,
899 1605 978 1634 non
1002 1592 1238 1633 uisceribus
1260 1594 1413 1633 terram
1436 1592 1510 1634 sed
1531 1593 1694 1634 caelum

167 1664 424 1707 orationibus
452 1665 670 1717 parturire.
703 1664 964 1704 dominarum
995 1664 1149 1705 honore
1173 1663 1448 1717 dignissimae
1477 1666 1518 1705 et
1543 1663 1694 1705 merito

166 1736 365 1777 inlustres
400 1738 441 1776 et
472 1735 860 1788 praestantissimae
893 1735 1017 1782 tiliae,
1052 1734 1324 1787 perfruamini
1364 1734 1403 1775 in
1448 1734 1535 1784 illa,
1584 1735 1695 1788 quod

103 1821 108 1826 ·
167 1806 301 1848 defuit
345 1807 482 1856 uobis,
529 1810 575 1847 ut
621 1808 864 1848 nasceretur
909 1819 955 1847 ex
1003 1806 1145 1854 uobis;
1198 1808 1440 1860 perseueret
1478 1819 1613 1860 usque
1653 1806 1693 1846 in

167 1878 288 1919 finem
322 1877 549 1919 adhaerens
590 1877 801 1932 coniugio,
841 1877 952 1930 quod
1000 1891 1080 1919 non
1114 1877 1242 1918 habet
1285 1877 1424 1918 finem.
1476 1877 1696 1919 imitentur

166 1961 253 1990 eam
299 1950 457 1990 multae
503 1948 684 1989 famulae
731 1948 943 1990 dominam
988 1948 1200 2002 ignobiles
1245 1949 1442 1998 nobilem,
1489 1948 1695 2002 fragiliter

216 2077 230 2110 1
261 2076 446 2110 celerrima
471 2076 505 2110 L
603 2076 762 2110 uelatum
788 2075 958 2111 MFAP1
1064 2078 1085 2110 ἶ.)
1113 2076 1223 2110 certio
1242 2085 1243 2121 j
1263 2087 1335 2110 rein
1362 2077 1398 2110 P
1491 2077 1692 2111 litterarum

167 2146 232 2171 om.
246 2135 282 2170 R
338 2136 359 2169 3
375 2135 563 2170 excellenti
577 2135 784 2170 MFAP¹R
799 2135 897 2170 ecld..·
912 2136 957 2179 cs.
973 2147 1025 2180 ep.
1045 2135 1268 2180 (XVIIII).
1288 2138 1369 2174 671,
1387 2137 1411 2169 8
1461 2138 1481 2168 ἵ)
1503 2137 1691 2180 quantum}

167 2204 270 2238 quain
296 2193 365 2228 PL
426 2196 447 2229 6
474 2194 647 2229 femineas
674 2195 832 2239 uirgines
858 2195 891 2229 L
918 2195 1054 2229 femina
1079 2195 1233 2239 uirginis
1259 2195 1376 2229 MFA
1439 2197 1460 2226 8
1489 2198 1544 2229 est
1569 2207 1636 2230 om.
1657 2194 1693 2229 R

166 2253 188 2287 9
214 2254 263 2298 et]
292 2265 331 2288 ac
358 2253 405 2287 Ρ1
540 2254 584 2288 10
609 2254 821 2297 integritate
848 2254 881 2288 L
1007 2255 1048 2288 12
1076 2254 1281 2299 praecipua,
1307 2266 1352 2289 m.
1380 2257 1405 2289 2
1431 2255 1622 2299 praecipua
1647 2254 1695 2288 M

166 2312 356 2356 praecipua
381 2312 415 2346 L
513 2312 736 2346 sublimitate
762 2312 796 2346 L
908 2313 950 2347 13
978 2317 1119 2353 umana,
1145 2324 1190 2348 m.
1219 2315 1244 2347 2
1269 2319 1401 2347 umanu
1427 2313 1475 2347 M
1570 2314 1691 2348 conui—

169 2369 261 2403 uium
283 2370 317 2404 L
393 2371 434 2404 14
462 2370 566 2414 eligit
586 2370 618 2404 L
696 2372 737 2405 15
765 2382 870 2405 ueare
891 2370 959 2405 PL
1057 2372 1203 2406 nuntias
1223 2371 1258 2405 P
1353 2383 1417 2406 nec
1445 2372 1589 2406 sciendo
1610 2372 1696 2406 ΜΓ

170 2427 210 2462 16
236 2439 421 2463 numerum
449 2441 580 2473 augere
607 2429 723 2464 adhuc
750 2429 784 2463 L
810 2429 926 2464 adhuc
954 2441 1137 2464 numerum
1165 2441 1295 2475 augere
1322 2431 1401 2465 edd.
1491 2431 1531 2464 17
1560 2442 1690 2474 augere

166 2487 382 2532 mortalium]
411 2499 622 2533 angeremur
647 2489 773 2523 talium
802 2490 834 2522 A
911 2490 1026 2523 uerior
1050 2489 1087 2523 P
1110 2490 1260 2524 ulterior
1283 2489 1318 2524 L
1371 2491 1412 2524 18
1438 2490 1688 2534 grandescere!

167 2556 374 2589 grauescere
399 2547 435 2580 P
486 2548 526 2582 19
553 2551 716 2592 pectores
742 2548 786 2581 M
812 2551 841 2591 (s
869 2552 963 2592 erp.)
991 2548 1032 2583 F
1053 2557 1081 2591 (s
1108 2550 1216 2593 era-su)
1290 2548 1502 2583 candescere
1530 2548 1634 2583 corde
1654 2548 1690 2583 R

167 2603 210 2638 20
236 2603 376 2640 domine
397 2605 464 2640 PL
563 2610 598 2641 et
625 2607 751 2641 merito
779 2607 947 2642 inlustres
975 2611 1011 2642 et
1034 2609 1369 2654 praestantissimae
1395 2620 1462 2643 om.
1483 2607 1690 2643 MFAP¹R

166 2661 244 2697 edd.
363 2665 409 2698 22
436 2665 538 2699 nobis
563 2665 681 2700 MFA
792 2670 831 2699 ut
857 2671 1064 2700 nasceretur
1090 2678 1128 2701 ex
1156 2666 1257 2701 uobis
1283 2678 1351 2702 om.
1378 2667 1583 2702 MFAP¹R
1609 2667 1688 2703 edd.

212 2732 416 2766 perseueres
442 2723 478 2757 P
501 2728 708 2769 perseuerat
734 2725 850 2759 MFA
924 2727 969 2760 24
995 2716 1153 2760 familiae
1174 2727 1207 2760 A
1306 2725 1500 2770 dominam}
1527 2726 1633 2760 domu
1655 2729 1687 2760 A

213 2779 374 2827 frugiter,
399 2794 443 2817 m.
471 2786 489 2817 1
515 2794 605 2818 corr.
633 2784 813 2828 fragiliter
837 2784 885 2819 Ρι
