1924 3122
206 185 287 224 120
676 182 711 217 S.
750 182 932 216 Aureli
971 183 1262 227 Augustini

202 315 434 362 acutorum,
474 312 750 353 facundorum
789 315 914 365 atque
955 313 1171 354 doctorum
1218 314 1446 369 subiugant
1487 314 1651 356 Christo
1693 317 1733 356 et

203 383 255 424 ad
287 383 607 436 praedicandam
641 383 755 424 uiam
788 384 958 437 pietatis
994 385 1229 438 salutisque
1264 388 1526 427 conuertunt.
1561 386 1732 427 alternis

203 454 530 495 aduersitatibus
560 457 600 496 et
625 455 977 508 prosperitatibus
1004 469 1142 497 rerum
1169 457 1415 510 patientiam
1443 459 1483 498 et
1502 459 1734 510 temperan-

202 525 302 566 tiam
339 526 564 579 uigilanter
597 530 800 567 exercent.
835 526 990 567 mundo
1025 527 1260 569 declinante
1292 528 1333 568 in
1374 531 1555 569 extrema
1594 528 1734 570 fessis-

203 609 282 648 que
316 597 440 638 rebus
476 599 656 638 aetatem
691 598 885 638 ultimam
919 599 1180 649 protestante
1220 599 1353 639 multo
1392 599 1604 648 fidentius,
1639 599 1736 652 quia
1779 614 1793 636 f»

203 670 244 708 et
276 668 353 708 hoc
388 668 648 722 praedictum
684 672 761 718 est,
796 671 1003 709 aeternam
1036 670 1284 710 felicitatem
1318 670 1513 712 caelestis
1548 670 1734 711 ciuitatis

204 742 435 793 expectant.
483 744 608 793 atque
646 740 753 781 inter
797 740 899 781 haec
945 741 1082 782 omnia
1128 744 1270 782 contra
1316 741 1539 782 ecclesiam
1579 741 1736 783 Christi

201 810 426 864 impiarum
466 812 655 865 gentium
693 811 917 853 infidelitas
957 813 1111 864 fremit,
1151 812 1308 854 euincit
1345 813 1417 853 illa
1454 813 1650 866 patiendo
1697 815 1737 853 et

202 883 498 923 inconcussam
542 883 667 924 fidem
713 883 820 925 inter
865 884 1161 925 obsistentium
1216 884 1438 925 saeuitiam
1488 884 1736 938 profitendo.

202 954 413 995 reuelatae
457 955 665 1005 ueritatis,
711 968 814 1009 quae
867 955 937 996 diu
988 956 1208 1009 promissis
1259 956 1451 1009 mysticis
1502 956 1735 1006 uelabatur,

205 1026 408 1067 sacrificio
462 1026 712 1068 succedente
761 1027 835 1067 illa
887 1026 1102 1077 sacrificia⁷
1144 1027 1296 1079 quibus
1342 1028 1420 1068 hoc
1465 1027 1737 1081 figurabatur,

203 1097 351 1151 templi
379 1097 513 1150 ipsius
543 1098 760 1139 euersione
787 1098 1006 1139 tolluntur.
1033 1099 1205 1151 reproba
1230 1111 1301 1152 per
1320 1098 1614 1139 infidelitatem
1637 1111 1738 1152 gens

203 1167 295 1220 ipsa
328 1168 579 1210 Iudaeorum
609 1182 631 1210 a
659 1169 830 1211 sedibus
866 1169 1070 1222 extirpata
1102 1182 1173 1223 per
1205 1169 1407 1210 mundum
1436 1182 1739 1222 usquequaque

206 1238 475 1293 dispergitur,
507 1242 555 1281 ut
586 1240 742 1293 ubique
776 1242 916 1293 portet
943 1240 1108 1282 codices
1137 1243 1305 1282 sanctos
1334 1253 1380 1282 ac
1407 1241 1468 1282 sic
1494 1241 1739 1294 prophetiae

204 1310 512 1361 testimonium,
541 1324 623 1365 qua
657 1311 850 1353 Christus
885 1314 926 1352 et
959 1312 1138 1353 eeclesia
1169 1312 1460 1364 praenuntiata
1494 1314 1569 1361 est,
1604 1324 1653 1352 ne
1688 1311 1740 1351 ad

205 1383 375 1434 tempus
404 1395 426 1423 a
452 1382 571 1423 nobis
605 1383 751 1423 fictum
787 1383 1109 1433 existimaretur,
1144 1383 1192 1423 al)
1227 1383 1331 1436 ipsis
1365 1382 1615 1423 aduersariis
1648 1395 1739 1435 pro-

253 1488 268 1521 1
301 1490 499 1527 acutorum,
527 1499 570 1522 m.
600 1490 625 1522 2
650 1499 762 1531 supra
798 1490 981 1522 auctorum
1014 1488 1064 1522 W
1093 1491 1277 1522 auctorum
1310 1487 1473 1522 ΤΗΚΡ1
1617 1487 1739 1521 facun-

204 1546 401 1592 dorumque
436 1548 621 1581 doctorum
647 1548 685 1581 1)
831 1547 1045 1592 ειὼίωςῆηϊ
1081 1548 1110 1581 (J
1141 1547 1365 1591 subiungant
1397 1547 1474 1581 HR
1506 1547 1740 1590 subiungunt,

202 1617 247 1639 m.
276 1608 300 1639 2
326 1617 443 1650 supra
470 1607 666 1651 subiugant
698 1606 749 1640 11⁷
806 1606 826 1639 ‘2
854 1606 1132 1651 praedicandum
1163 1606 1195 1640 T
1219 1605 1298 1640 edd.
1388 1605 1547 1650 pietatis]
1576 1605 1741 1639 ueritatis

209 1665 259 1699 W
282 1666 372 1710 (ueri
398 1666 438 1700 in
464 1678 538 1700 ras.
566 1678 609 1700 m.
638 1669 675 1710 2)
702 1667 787 1700 HK
905 1667 925 1701 3
954 1669 989 1700 et
1015 1666 1318 1711 pros111e1·itatibus
1346 1676 1426 1705 om.‚
1453 1677 1498 1699 m.
1526 1667 1551 1699 2
1578 1665 1664 1698 add.
1697 1665 1747 1698 W

251 1726 482 1770 patientiam]
513 1728 548 1760 et
575 1727 789 1771 patientiam
817 1726 859 1759 K
943 1729 978 1760 et
1003 1726 1281 1770 temperantiam
1309 1736 1375 1759 om.
1402 1724 1482 1758 ΑΚ
1550 1726 1573 1758 4
1599 1727 1743 1758 exerent

204 1786 238 1818 A
315 1786 334 1818 5
363 1785 542 1828 ultimum,
570 1797 614 1819 m.
645 1787 669 1819 2
698 1785 861 1819 ultimam
895 1785 945 1818 W
1050 1786 1289 1829 protestante,
1314 1795 1358 1819 m.
1386 1786 1410 1818 2
1436 1786 1665 1828 protcxtante
1698 1783 1748 1817 W

203 1847 445 1888 protextante‚
478 1856 523 1878 m.
554 1847 576 1878 3
609 1846 836 1889 protextente
870 1847 902 1878 et
934 1844 974 1878 in
1005 1855 1119 1888 marg.
1145 1844 1162 1877 1
1187 1843 1333 1888 protrah
1367 1844 1496 1886 (cetera
1530 1843 1657 1877 (lesum
1685 1853 1741 1876 co-

205 1904 297 1937 dicis
322 1904 512 1949 reci-sione)
540 1904 584 1937 H
606 1905 868 1948 protestantem
896 1903 938 1936 K
960 1905 1222 1947 protestantem
1252 1905 1287 1936 et
1316 1902 1380 1937 CR
1455 1903 1474 1935 ὅ
1501 1901 1742 1947 praedictum]

205 1963 340 1997 dictum
363 1963 406 1996 K
484 1964 643 1997 ciuitatis
672 1963 837 1997 caelestis
864 1963 1077 1997 felicitatem
1104 1962 1182 1996 edd.
1257 1962 1447 2005 fclitatem,
1475 1973 1564 1996 corr.
1589 1964 1646 2005 (m.
1669 1964 1686 1994 1
1709 1962 1740 2001 Ρ)

204 2022 419 2057 felicitatem
447 2023 494 2057 M
590 2023 770 2065 ciuitates,
798 2034 841 2056 m.
871 2025 896 2056 2
921 2022 1080 2056 ciuitatis
1112 2022 1163 2055 'W
1230 2022 1247 2055 7
1274 2021 1362 2055 haec
1389 2022 1483 2054 inter
1508 2021 1546 2054 D
1614 2021 1634 2055 8
1661 2031 1740 2065 pre-

205 2083 272 2116 mit
298 2082 341 2115 H
365 2082 478 2126 femit,
506 2093 597 2116 corr.
627 2083 684 2127 (m.
713 2085 731 2116 1
759 2081 790 2125 P)
817 2082 939 2116 fremit
964 2082 1012 2115 M
1084 2083 1120 2115 et
1147 2081 1259 2115 uincit
1282 2081 1315 2114 B
1342 2080 1400 2126 (m.
1430 2082 1455 2114 2
1482 2079 1741 2122 euincit)HP1

205 2141 315 2175 euicit
341 2142 426 2176 RM
451 2144 508 2184 (m.
536 2144 555 2175 1
585 2141 603 2175 ‚9
629 2152 718 2175 corr.
748 2141 895 2183 euincit)
925 2141 1038 2174 uincit
1061 2140 1113 2174 W
1206 2140 1226 2173 9
1255 2150 1465 2173 concussam
1495 2138 1524 2172 C
1619 2139 1740 2172 incon—

205 2211 308 2234 cussa
335 2201 404 2235 fide
432 2200 474 2234 K
569 2202 741 2242 siuitiam,
769 2212 813 2235 m.
843 2203 868 2235 2
893 2201 1061 2234 seuitiam
1087 2200 1138 2234 W
1160 2199 1314 2233 saeuitia
1334 2199 1417 2232 DK
1489 2199 1531 2232 10
1560 2198 1740 2232 reuelatae

206 2261 384 2304 ueritatis,
412 2273 455 2295 m.
486 2263 509 2294 3
535 2262 695 2295 reuelata
727 2261 884 2295 ueritate
912 2261 954 2294 H
1109 2260 1308 2300 uelabatur,
1337 2271 1381 2293 m.
1412 2261 1434 2293 3
1462 2258 1676 2292 uelabantur
1701 2257 1743 2291 H

206 2320 421 2354 uelabantur
451 2320 515 2354 CR
541 2321 743 2365 tegebatur,
771 2332 814 2354 m.
844 2322 869 2355 2
893 2331 1007 2364 supra
1034 2320 1223 2353 uelabatur
1245 2318 1296 2353 W
1344 2319 1383 2352 11
1413 2317 1653 2352 succendente
1679 2316 1744 2350 Tc*

206 2379 413 2413 succidente
446 2379 496 2413 W
590 2379 783 2424 figubatur,
810 2391 855 2413 m.
884 2382 908 2414 2
934 2379 1157 2424 figurabatur
1188 2379 1217 2412 C
1241 2378 1490 2422 figurabantur
1516 2379 1551 2420 (n
1578 2378 1670 2420 (περ.)
1697 2375 1746 2409 M

209 2439 250 2473 13
277 2439 368 2483 ipsa]
397 2439 508 2483 impia
531 2439 572 2471 K
667 2451 686 2472 a
714 2438 874 2483 sedibus}
904 2450 923 2472 a
950 2439 1094 2473 sedibus
1121 2438 1193 2471 suis
1219 2437 1381 2472 CWRK
1476 2436 1684 2480 existirpata
1704 2435 1742 2468 D

207 2497 373 2542 stirpata,
401 2509 445 2531 m.
476 2500 498 2530 3
526 2497 723 2540 exstirpata
749 2498 790 2530 H
890 2498 931 2531 14
960 2497 1190 2541 dispergitur]
1220 2496 1381 2541 dispersa
1407 2495 1448 2528 K
1554 2495 1618 2539 sic]
1646 2495 1676 2528 si
1702 2494 1745 2527 K

209 2558 250 2591 15
279 2568 361 2600 qua,
388 2568 432 2593 m.
462 2560 485 2590 3
513 2568 581 2600 quo
612 2557 647 2589 H
676 2557 759 2601 quia
789 2556 818 2589 C
842 2557 866 2600 (i
894 2560 998 2599 eras.)
1026 2557 1061 2591 R
1182 2556 1306 2589 christi
1335 2555 1464 2589 eclesia
1491 2557 1548 2595 (m.
1576 2556 1601 2588 2
1625 2565 1740 2597 supra

207 2616 362 2649 christus
391 2618 426 2650 et
454 2616 617 2659 ecclesia)
645 2617 900 2660 praenuntiata
922 2618 975 2649 est
1001 2615 1051 2648 W
1069 2615 1221 2649 christus
1243 2614 1437 2648 aecclesiae
1462 2613 1738 2658 praenuntiatus

207 2678 261 2709 est
292 2677 322 2707 A
422 2686 464 2708 ne
485 2691 502 2707 ÷÷
523 2678 664 2718 tempus
692 2685 712 2708 a
738 2674 840 2708 nobis
874 2674 906 2707 T
928 2686 971 2708 ne
998 2674 1100 2708 nobis
1129 2673 1173 2708 ad
1201 2676 1342 2718 tempus
1370 2673 1412 2706 K
1490 2674 1531 2707 16
1560 2672 1737 2706 existime-

206 2735 264 2767 tur
295 2733 346 2767 W
368 2734 476 2777 (post.
506 2744 523 2767 e
549 2744 575 2767 s.
603 2736 653 2776 u.)
679 2733 793 2767 BHP
919 2733 1147 2767 aduersiariis
1181 2733 1231 2766 W
1253 2733 1464 2772 aduersaris,
1491 2743 1534 2765 m.
1564 2734 1588 2765 2
1614 2730 1738 2764 aduer-

207 2794 310 2827 sariis
338 2793 379 2826 H
475 2793 654 2838 profertur
679 2793 721 2826 K
744 2793 1009 2838 prophetarum,
1036 2804 1079 2826 m.
1108 2795 1133 2826 2
1158 2792 1360 2837 proferatur
1391 2791 1441 2825 'W

1765 972 1797 996 10

1768 1328 1799 1352 15
