1924 3122
45 928 97 971 15
132 950 163 975 10

128 1304 162 1330 15

125 1661 159 1685 20

646 169 1000 214 epistularum
1040 169 1268 206 CXXXVIII.
1638 176 1718 215 141

193 299 272 340 hoc
305 299 462 340 malum
495 298 712 351 publicum
747 299 913 348 clamat,
942 299 991 340 ab
1025 300 1169 352 impiis
1204 301 1370 354 populis
1404 301 1722 355 blasphematur

194 372 235 411 et
268 369 321 410 dii
356 370 463 411 tales
489 369 772 422 requiruntur,
800 370 841 410 in
869 382 1047 422 quorum
1073 371 1272 412 honorem
1301 372 1375 413 illa
1400 372 1491 426 ipsa
1516 373 1722 415 theatrica

193 453 411 494 corporum
434 443 475 481 et
496 440 728 481 animorum
751 439 954 482 dedecora
974 440 1245 482 celebrentur.
1267 442 1368 483 haec
1384 442 1420 483 si
1442 442 1544 484 deus
1561 444 1718 496 pollere

193 511 421 566 permittat,
453 512 553 552 tunc
584 510 826 564 indignatur
857 511 1049 565 grauius-3
1084 512 1185 552 haec
1220 512 1256 554 si
1295 513 1487 567 inpunita
1520 514 1721 565 dimittat,

191 586 290 624 tunc
324 582 445 636 punit
475 582 686 624 infestius.
721 594 816 623 cum
850 594 949 623 uero
984 583 1137 623 euertit
1175 583 1413 625 subsidium
1446 585 1647 627 uitiorum
1681 587 1722 628 et

191 655 382 708 copiosas
434 653 629 695 libidines
673 653 820 707 inopes
870 653 1022 702 reddit,
1074 654 1403 696 misericorditer
1453 656 1717 706 aduersatur3

190 723 518 765 misericorditer
549 723 672 773 enim,
707 723 743 764 si
776 722 862 764 fieri
907 725 1066 776 posset,
1109 724 1236 765 etiam
1270 724 1380 765 bella
1419 729 1662 779 gererentur
1698 739 1719 767 a

190 796 324 846 bonis,
360 798 406 836 ut
437 795 670 836 licentiosis
704 795 1011 849 cupiditatibus
1046 795 1218 836 domitis
1246 796 1349 837 haec
1377 796 1480 837 uitia
1505 797 1720 851 perderen-

190 870 270 917 tur,
306 879 412 920 quae
445 866 559 908 iusto
592 866 768 920 imperio
802 866 871 907 uel
905 866 1100 920 extirpari
1133 866 1202 907 uel
1234 867 1367 920 premi
1401 867 1647 909 debuerunt.

248 937 355 979 Nam
384 939 419 980 si
441 938 677 980 Christiana
704 937 927 992 disciplina
953 938 1091 979 omnia
1117 937 1229 979 bella
1257 939 1458 992 culparet,
1479 939 1559 980 hoc
1578 940 1719 993 potius

188 1009 394 1050 militibus
428 1010 653 1051 consilium
692 1009 842 1050 salutis
882 1009 1124 1062 petentibus
1163 1009 1205 1051 in
1244 1010 1464 1064 euangelio
1499 1010 1720 1060 diceretur,

188 1085 236 1122 ut
266 1082 479 1123 abicerent
510 1094 624 1122 arma
655 1093 783 1133 seque
815 1081 993 1122 militiae
1027 1081 1193 1122 omnino
1222 1081 1525 1123 subtraherent.
1559 1081 1719 1123 dictum

188 1155 254 1194 est
280 1153 339 1194 eis
367 1156 528 1194 autem:
563 1152 815 1193 Neminem
852 1152 1235 1202 concusseritis,
1264 1152 1393 1193 nulli
1420 1153 1720 1195 calumniam

187 1223 430 1266 feceritis.
472 1223 706 1265 sufficiat
744 1223 889 1264 uobis
931 1223 1239 1276 stipendium
1285 1226 1520 1265 uestrum.
1566 1224 1720 1276 quibus

186 1294 398 1348 proprium
426 1294 682 1348 stipendium
709 1293 901 1335 sufficere
929 1293 1078 1335 debere
1104 1295 1330 1348 praecepit,
1364 1294 1545 1336 militare
1572 1295 1719 1348 utique

187 1378 266 1406 non
299 1365 527 1419 prohibuit.
562 1365 746 1419 proinde,
774 1365 844 1418 qui
878 1365 1109 1407 doctrinam
1138 1364 1294 1407 Christi
1327 1365 1548 1406 aduersam
1576 1366 1720 1407 dicunt

187 1450 280 1478 esse
306 1438 364 1479 rei
391 1438 599 1491 publicae,
628 1437 726 1479 dent
752 1437 979 1478 exercitum
1006 1437 1149 1486 talem,
1178 1437 1323 1490 quales
1351 1436 1541 1478 doctrina
1563 1436 1719 1478 Christi

185 1521 278 1550 esse
312 1509 469 1550 milites
501 1509 645 1556 iussit:
681 1509 781 1550 dent
805 1509 911 1549 tales
938 1508 1233 1562 prouinciales,
1261 1508 1366 1549 tales
1395 1508 1584 1551 maritos.
1610 1509 1718 1550 tales

186 1579 399 1633 coniuges,
428 1580 535 1621 tales
562 1583 770 1633 parentes,
791 1579 898 1620 tales
919 1578 1045 1626 filios,
1067 1578 1173 1619 tales
1196 1578 1399 1625 dominos,
1419 1579 1526 1619 tales
1555 1592 1715 1628 seruos,

185 1650 289 1691 tales
322 1663 455 1705 reges,
485 1651 592 1692 tales
624 1650 799 1699 iudices,
834 1651 940 1692 tales
975 1650 1154 1703 denique
1189 1648 1424 1691 debitorum
1457 1650 1592 1703 ipsius
1625 1650 1715 1691 fisci

184 1721 416 1764 redditores
438 1725 480 1763 et
500 1725 726 1774 exactores,
743 1721 888 1774 quales
910 1734 1001 1763 esse
1023 1720 1234 1775 praecepit
1255 1720 1443 1761 doctrina
1464 1720 1713 1762 Christiana.

184 1794 226 1834 et
257 1793 438 1834 audeant
470 1806 559 1834 earn
595 1792 730 1834 dicere
765 1792 982 1834 aduersam
1018 1805 1111 1834 esse
1138 1792 1196 1833 rei
1225 1792 1431 1845 publicae,
1459 1792 1587 1832 immo
1615 1804 1713 1833 uero

304 1921 345 1954 13
372 1919 454 1954 Luc.
483 1921 514 1960 3,
545 1921 588 1955 14

229 2003 250 2036 2
276 2003 310 2036 in
338 2013 404 2036 om.
432 2003 505 2038 ER
631 2003 802 2038 honorem
829 2006 862 2047 (e
888 2004 928 2038 in
954 2005 1042 2046 ras.)
1069 2003 1113 2037 Η
1133 2003 1267 2037 honore
1295 2002 1488 2037 ERMAC
1607 2013 1647 2036 ea
1674 2002 1712 2035 D

181 2062 260 2096 edd.
357 2063 433 2107 ipse
459 2063 497 2097 Ε
590 2062 1028 2107 theatrica—indignatur
1054 2073 1123 2097 om.
1149 2062 1183 2096 A
1245 2064 1266 2095 3
1293 2073 1475 2107 coporum,
1502 2073 1546 2096 m.
1575 2064 1593 2095 1
1619 2072 1710 2096 corr.

180 2132 365 2167 corporum
393 2121 439 2155 M
574 2123 596 2156 4
622 2121 923 2157 tunc—dimittat
948 2133 1028 2166 om,
1054 2123 1095 2156 in
1121 2132 1233 2167 mary.
1260 2133 1304 2155 m.
1333 2124 1351 2155 1
1378 2121 1463 2155 add.
1492 2121 1537 2155 M
1654 2121 1707 2154 in-

180 2184 278 2226 puta,
303 2192 348 2215 m.
378 2183 401 2215 3
427 2181 593 2226 inpunita
618 2183 653 2216 A
774 2182 795 2214 5
822 2182 924 2226 ponit
950 2182 983 2215 A
1113 2192 1196 2216 uere
1222 2181 1334 2215 uertit
1360 2180 1399 2215 E
1422 2191 1506 2215 uero
1534 2181 1645 2214 uertit
1674 2180 1713 2213 II

180 2251 264 2274 uero
291 2243 432 2274 euertet
456 2241 491 2274 P
609 2241 630 2274 6
662 2239 789 2275 reddet
813 2239 852 2274 D
973 2241 992 2274 7
1027 2242 1198 2282 gerentur
1233 2240 1320 2274 ΒΜ
1349 2244 1407 2281 (m.
1436 2242 1461 2274 2
1486 2239 1709 2284 gererentur)

181 2302 354 2343 geruntur
379 2301 413 2334 A
485 2300 506 2333 8
536 2299 747 2345 cupiditatis
773 2299 818 2333 H
880 2300 902 2334 9
924 2299 1069 2344 stirpari
1089 2299 1128 2334 D
1225 2298 1378 2343 deprimi
1406 2298 1483 2333 edd.
1506 2303 1653 2343 praeter
1675 2310 1706 2332 m

181 2359 224 2392 10
250 2358 444 2393 christiana
470 2358 599 2403 (poslr.
629 2359 650 2393 l.
678 2370 722 2393 ex
747 2370 837 2393 corr.
865 2370 908 2393 m.
937 2361 968 2401 1)
995 2358 1043 2392 Μ
1134 2358 1172 2392 11
1203 2358 1397 2393 consileuit
1423 2358 1462 2392 E
1487 2369 1543 2391 sm.
1572 2360 1597 2391 2
1623 2369 1704 2391 con-

179 2416 311 2458 silium>
336 2417 372 2452 R
481 2417 616 2452 diceret
640 2418 713 2453 ER
800 2419 844 2452 12
871 2418 1016 2452 omnino
1042 2417 1194 2452 militiae
1219 2418 1342 2461 flrm
1437 2417 1478 2450 13
1506 2417 1556 2450 eis
1584 2423 1703 2450 autem

179 2477 306 2520 (siqnis
330 2487 420 2512 corr.
448 2479 568 2511 autem
596 2477 661 2520 eis)
687 2477 723 2511 P
747 2480 866 2511 autem
896 2477 947 2511 eis
974 2476 1055 2511 MA
1082 2476 1162 2510 edd.
1189 2476 1240 2510 eis
1266 2479 1347 2519 (om.
1377 2478 1510 2518 auten.)
1536 2475 1574 2508 I)
1647 2486 1703 2509 ca-

178 2534 313 2570 lumnia
338 2535 374 2571 R
431 2525 475 2569 153
501 2536 624 2580 itaque
650 2536 685 2570 P
743 2537 782 2570 17
811 2536 976 2581 publicae
1003 2546 1070 2571 om.
1098 2535 1171 2570 ER
1245 2535 1361 2579 qualis
1389 2534 1429 2568 H
1480 2535 1521 2568 12)
1548 2533 1703 2567 talentes

178 2595 252 2637 (nte
277 2606 319 2628 m.
349 2598 367 2628 1
393 2595 476 2636 del.)
503 2598 668 2639 parentes
696 2595 738 2628 H
801 2596 848 2630 20
873 2594 963 2629 fisici
990 2595 1024 2628 A
1050 2595 1126 2628 fieri
1149 2594 1189 2629 -R
1258 2595 1299 2628 21
1330 2598 1467 2627 actores
1494 2592 1527 2625 A
1626 2603 1702 2625 esse

179 2653 311 2697 quales,
331 2665 365 2687 m
399 2656 415 2686 1
436 2664 526 2689 corr.
549 2654 672 2698 quales
694 2665 770 2688 esse
791 2653 834 2688 H
905 2653 1029 2698 quales
1050 2654 1114 2694 bis,
1133 2653 1287 2687 alterum
1306 2651 1373 2686 del.
1389 2651 1435 2685 M
1507 2651 1702 2685 christiana

177 2722 243 2746 om.
271 2712 311 2746 H
336 2712 566 2746 christianam
594 2712 633 2745 E
750 2712 795 2747 22
828 2711 977 2746 audient
1010 2712 1036 2754 (i
1062 2723 1107 2745 m.
1134 2713 1152 2744 1
1179 2711 1262 2753 del.)
1291 2710 1332 2744 ΙΙ
1363 2709 1494 2744 audent
1521 2709 1570 2742 ill
1591 2712 1648 2752 (m.
1677 2712 1701 2742 2

177 2769 345 2813 audeant)
371 2771 475 2805 ACP
571 2771 722 2805 aduersa
746 2771 782 2806 R
