1952 3118
82 460 140 501 IV
176 462 228 501 lo

263 195 346 235 530
739 194 772 227 S.
811 193 996 227 Aureli
1035 194 1323 238 Augustini

261 323 448 370 rentur,
489 320 523 361 si
556 321 640 361 iam
673 320 713 361 in
752 320 826 361 illa
863 320 1182 362 resurrectionis
1221 320 1532 374 incorruptione
1574 324 1795 365 constituti

263 395 375 442 sunt,
411 405 515 445 quae
549 390 669 432 nobis
702 391 966 444 perficiendis
999 391 1039 432 in
1074 391 1154 432 fine
1186 392 1460 444 promittitur.

323 462 406 504 Cur
439 476 535 517 ergo
570 463 721 504 Petrus
756 476 826 504 eos
859 465 1022 503 tantum
1058 475 1381 504 commemorare
1415 464 1609 515 uoluerit⁷
1644 466 1795 518 quibus

262 535 303 576 in
331 547 494 575 carcere
521 534 697 575 inclusis
720 534 988 588 euangelium
1011 534 1299 587 praedicatum
1328 537 1404 577 est.
1435 535 1516 587 qui
1541 535 1588 576 in
1618 536 1795 578 diebus

262 605 379 656 Noe,
420 618 527 646 cum
566 605 906 646 fabricaretur
945 618 1068 655 arca,
1115 605 1365 646 increduli
1404 606 1620 656 fuerunt⁷
1660 607 1794 658 uides,

264 691 388 730 quam
421 677 679 718 latebrosum
715 677 772 717 sit
804 680 845 717 et
878 690 982 729 quae
1018 689 1082 718 ine
1116 679 1328 726 moueant,
1367 691 1416 718 ne
1452 677 1668 719 adfirmare
1702 679 1797 720 hinc

264 749 423 802 aliquid
462 748 649 790 audeam.
695 748 776 789 huc
815 748 990 790 accedit.
1038 748 1147 801 quia.
1196 761 1290 789 011111
1338 749 1512 790 dixisset
1559 751 1796 801 apostolus:

266 819 403 871 Quod
433 822 480 861 et
505 833 595 861 uos
630 833 756 860 nunc
791 820 947 860 simili
981 820 1138 861 forma
1169 820 1421 873 baptisma
1454 821 1625 861 saluos
1659 821 1796 863 facit.

264 905 354 932 non
391 892 553 932 carnis
589 891 842 944 depositio
879 891 1099 932 sordium
1135 891 1219 932 sed
1260 891 1609 933 conscientiae
1642 893 1797 933 bonae

264 963 601 1017 interrogatio
630 963 675 1003 in
705 963 846 1003 deum
876 976 960 1016 per
986 963 1412 1003 resurrectionem
1441 964 1555 1004 Iesu
1590 963 1796 1013 Christi,

267 1035 348 1088 qui
390 1037 465 1075 est
502 1034 547 1074 in
590 1035 791 1075 dextera
838 1034 914 1075 dei
961 1034 1250 1088 deglutiens
1295 1037 1518 1084 morteim
1564 1037 1618 1075 ut
1662 1035 1798 1076 uitae

266 1109 498 1147 aeternae
556 1106 765 1146 heredes
824 1106 1158 1146 efficeremur.
1217 1106 1476 1158 profectus
1528 1106 1573 1146 in
1633 1107 1799 1147 caelos

267 1177 516 1218 subiectis
559 1177 656 1218 sibi
703 1177 897 1230 angelis
939 1179 985 1217 et
1019 1177 1374 1218 Potestatibus
1410 1180 1455 1217 et
1492 1176 1799 1227 Virtutibus,

267 1248 462 1290 continuo
504 1248 705 1289 subiecit:
747 1247 948 1289 Christo
988 1248 1147 1302 igitur
1179 1248 1223 1289 in
1268 1261 1408 1289 carne
1448 1261 1595 1301 passo
1632 1254 1679 1289 et
1710 1261 1799 1290 uos

267 1320 431 1361 eadem
488 1319 703 1360 scientia
754 1319 1025 1360 armamini.
1079 1319 1205 1372 quia.
1260 1320 1342 1373 qui
1393 1332 1572 1373 passus
1626 1323 1701 1361 est
1752 1320 1797 1360 in
1845 1339 1858 1361 =,

268 1404 423 1442 carne,
466 1390 619 1432 desiit
652 1403 673 1431 a
706 1391 933 1444 peccatis
972 1390 1018 1431 in
1059 1391 1163 1440 hoc,
1208 1391 1381 1431 utiam
1422 1404 1512 1432 non
1546 1391 1799 1432 hominum

268 1462 538 1503 desideriis
586 1462 670 1502 sed
716 1462 982 1503 uoluntate
1030 1462 1106 1502 dei
1158 1462 1287 1515 quod
1339 1462 1585 1514 reliquum
1634 1465 1710 1503 est
1754 1462 1800 1503 in

268 1546 410 1575 carne
445 1534 591 1575 uiuat
623 1536 840 1586 tempus:
878 1533 1026 1574 deinde
1055 1533 1234 1574 addidit:
1273 1532 1483 1575 Sufficit
1511 1533 1636 1574 enim
1670 1546 1801 1586 prae-

267 1606 474 1646 teritum
515 1607 711 1659 tempus
753 1605 809 1646 ad
848 1605 1164 1646 uoluntatem
1204 1605 1456 1645 hominum
1499 1617 1800 1646 consumma-

268 1680 385 1728 tum7
427 1677 742 1718 ambulantes
776 1677 822 1717 111
862 1676 1165 1717 libidinibus
1201 1679 1247 1717 et
1290 1676 1720 1729 concupiscentiis
1755 1679 1802 1716 et

271 1748 531 1797 ebrietate,
580 1747 1053 1797 comessationibus,
1099 1747 1449 1800 potationibus
1491 1750 1538 1787 et
1581 1747 1800 1788 inlicitis

270 1819 517 1860 idolorum
564 1818 923 1868 seruitutibus,
977 1818 1023 1858 in
1071 1831 1162 1870 quo
1213 1820 1516 1871 stupescunt
1560 1831 1650 1858 non
1697 1831 1800 1859 con-

271 1902 469 1930 currere
498 1903 585 1930 uos
613 1890 659 1930 in
695 1889 895 1930 eandem
930 1889 1159 1930 luxuriae
1194 1889 1541 1931 confusionem
1574 1889 1801 1942 blasphe-

270 1963 476 2002 mantes.
536 1960 617 2014 qui
669 1960 877 2002 reddent
928 1961 1169 2002 rationem
1224 1961 1265 2001 ei
1339 1960 1419 2013 qui
1470 1967 1673 2013 paratus
1727 1964 1801 2000 est

271 2033 494 2073 iudicare
529 2032 675 2072 uiuos
712 2035 756 2072 et
789 2038 1033 2080 mortuos3
1070 2031 1134 2072 his
1170 2031 1293 2072 dictis
1328 2031 1559 2072 subnectit:
1595 2031 1802 2084 Propter
1828 2056 1841 2075 -,

392 2187 411 2217 s
440 2184 455 2217 1
481 2184 578 2217 retr.
607 2185 638 2226 3,
667 2183 795 2226 21—4,
823 2184 842 2217 6

321 2267 341 2300 2
368 2267 595 2311 proficiendis
627 2266 659 2300 G
758 2268 777 2300 3
806 2278 882 2300 cum
916 2266 946 2300 C
1047 2277 1106 2300 eos
1134 2269 1256 2311 petrus
1283 2266 1331 2299 M
1426 2266 1543 2299 uoluit
1569 2266 1603 2298 A
1701 2266 1721 2298 4
1748 2265 1801 2298 in-

275 2327 383 2370 ‹lusis‚
411 2339 454 2360 m.
483 2329 501 2359 1
528 2326 577 2371 (12)
604 2337 695 2360 corr.
724 2326 871 2360 inclusis
898 2326 947 2359 M
1083 2327 1102 2359 6
1130 2326 1372 2366 tenebrosum,
1399 2337 1444 2359 m.
1472 2328 1490 2358 1
1519 2325 1566 2367 (ἓ)
1595 2335 1687 2359 corr.
1714 2324 1802 2358 late-

274 2385 418 2420 brosum
449 2386 478 2420 C
592 2397 647 2419 me
675 2397 741 2420 om.
770 2387 804 2418 A
922 2389 1069 2419 mouent
1096 2386 1130 2418 P
1244 2396 1309 2419 nec
1337 2385 1408 2419 PG
1531 2385 1549 2418 ’ἶ
1576 2385 1660 2428 11110]
1690 2383 1744 2417 nic
1773 2383 1807 2415 P

323 2446 455 2479 accidit
480 2445 551 2479 PG
580 2449 637 2487 (m.
661 2447 685 2479 2
711 2444 867 2490 accedit)
919 2444 939 2478 8
967 2445 1095 2478 similis
1122 2444 1237 2477 forma
1262 2444 1436 2488 baptismi
1456 2444 1491 2477 P
1540 2444 1559 2478 9
1587 2443 1751 2487 deposito
1776 2441 1805 2475 C

276 2505 319 2539 10
345 2506 379 2539 111
409 2505 512 2539 deum
538 2505 775 2548 interrogatio
803 2504 846 2537 K
920 2504 962 2539 15
990 2504 1143 2537 scientia
1173 2503 1202 2537 G
1299 2504 1357 2547 qui
1385 2514 1450 2537 om.
1472 2503 1520 2536 M
1587 2504 1629 2537 16
1656 2506 1696 2536 ut
1715 2502 1801 2546 iam]

275 2566 412 2599 utinam
439 2566 474 2598 A
575 2565 616 2598 18
646 2564 747 2597 addit
773 2575 790 2598 e
817 2564 868 2597 ait
886 2564 1016 2608 flrm
1118 2563 1158 2597 19
1187 2565 1398 2597 consumatu
1427 2565 1484 2604 (m.
1512 2565 1531 2596 1
1557 2573 1646 2597 corr.
1676 2567 1801 2595 consu-

274 2624 418 2666 manda)
457 2623 682 2657 ambulantes
715 2623 764 2656 M
799 2626 1007 2657 consumata
1046 2622 1270 2656 ambulantes
1308 2621 1343 2654 P
1380 2620 1693 2654 consummandam
1734 2631 1803 2664 qua

275 2683 552 2717 anibulauerunt
578 2681 620 2714 K
641 2691 706 2717 sec.
741 2681 843 2725 Vuly.
873 2684 1152 2715 consummatum
1183 2679 1450 2714 ambulantibus
1480 2680 1538 2713 lm
1589 2679 1630 2712 21
1660 2679 1750 2712 liciti
1771 2679 1806 2711 P

275 2743 319 2776 22
348 2752 490 2776 occurre
518 2742 615 2786 (sicl)
642 2741 680 2775 F
731 2741 775 2775 23
804 2740 928 2774 eadem
955 2740 997 2773 K
1068 2739 1276 2773 confusione
1304 2738 1345 2772 K
1369 2738 1626 2772 consessionem
1648 2737 1803 2771 MFAP

277 2805 336 2844 (m.
365 2804 390 2835 2
416 2801 675 2844 confusionem)
706 2800 738 2835 G

1827 983 1858 1007 10

1829 1696 1862 1720 20
