1924 3122
13 1847 21 1884 -οι

26 833 167 876 ’11121

176 992 208 1016 10

176 1346 208 1371 15

177 1702 210 1726 20

753 209 1106 253 epistularum
1141 210 1242 246 CXL.
1679 215 1755 255 171

235 350 349 378 rum.
371 337 504 385 haec,
522 337 670 390 inquit,
687 337 1043 391 cogitauerunt
1065 344 1112 380 et
1132 344 1446 388 errauerunt;
1470 343 1761 384 excaecauit

236 408 360 448 enim
390 421 470 450 eos
500 408 696 450 malitia
723 421 902 450 eorum.
932 410 1206 452 adtendentes
1235 412 1388 466 quippe
1416 418 1582 465 tempus
1605 414 1759 454 ueteris

233 480 475 521 testamenti
513 482 556 521 et
585 480 702 521 illam
740 482 906 532 patrum
947 481 1071 522 etiam
1110 483 1385 535 temporalem
1426 483 1685 526 felicitatem.
1720 485 1759 525 in

235 563 315 602 qua
352 550 437 591 illis
478 550 709 591 exhibenda
746 550 1054 592 demonstrauit
1092 552 1194 593 deus
1235 554 1361 594 etiam
1401 555 1502 595 talia
1541 555 1647 596 dona
1686 568 1760 596 sua

234 633 341 672 esse,
369 634 448 662 non
476 621 674 663 uiderunt
697 622 779 663 iam
808 634 900 663 esse
927 625 1108 675 tempus,
1136 636 1217 676 quo
1245 624 1500 666 reuelaretur
1526 625 1563 665 in
1593 625 1760 667 Christo

233 692 340 733 bona
367 695 533 733 aeterna
559 692 723 745 proprie
751 692 874 733 deum
903 696 1114 746 praestare
1134 693 1274 745 iustis,
1297 695 1367 747 qui
1389 695 1494 736 bona
1515 696 1761 749 temporalia

234 766 420 817 praestat
452 766 494 804 et
527 763 682 817 impiis.

294 834 484 888 Denique
512 848 609 876 cum
635 834 829 875 dixisset:
863 835 913 875 In
942 838 987 875 te
1022 839 1353 888 sperauerunt
1385 840 1553 890 patres
1587 838 1761 887 nostri,

234 907 570 958 sperauerunt
601 908 649 947 et
681 905 863 947 eruisti
892 918 994 953 eos;
1023 905 1081 946 ad
1107 908 1153 946 te
1182 906 1531 948 clamauerunt
1558 911 1604 948 et
1631 909 1761 949 salui

234 976 354 1017 facti
390 979 525 1019 sunt:
560 977 605 1018 in
640 980 685 1018 te
714 978 1045 1029 sperauerunt
1072 978 1119 1018 et
1145 990 1236 1018 non
1265 981 1381 1018 sunt
1407 978 1621 1020 confusi.
1650 978 1762 1020 uide.

235 1048 333 1100 quid
374 1047 627 1089 adiunxerit:
672 1049 772 1103 Ego
813 1051 977 1089 autem
1018 1061 1123 1089 sum
1164 1049 1349 1090 uermis
1390 1052 1437 1091 et
1475 1063 1564 1091 non
1604 1051 1760 1093 homo.

234 1119 345 1172 quod
365 1119 532 1160 uidetur
552 1119 722 1173 quidem
743 1119 794 1160 ad
816 1119 1184 1160 commendandam
1208 1120 1491 1162 humilitatem
1516 1121 1764 1175 simpliciter

234 1190 408 1232 dictum.
436 1194 484 1231 ut
510 1191 619 1232 sein
654 1191 787 1232 oculis
822 1191 1163 1244 persequentium
1197 1191 1530 1233 abiectissimum
1564 1192 1762 1246 quiddam

234 1265 276 1302 et
314 1262 725 1315 contemptissimum
766 1262 1088 1310 demonstraret:
1129 1262 1201 1303 sed
1241 1275 1319 1302 nou
1360 1268 1424 1303 est
1462 1263 1763 1304 contemnenda

234 1333 412 1375 altitudo
464 1333 612 1374 secreti
663 1333 1010 1386 profunditasque
1065 1333 1251 1387 mysterii
1302 1334 1545 1385 praesertim
1605 1334 1645 1374 in
1704 1334 1763 1375 eis

234 1405 388 1446 uerbis.
411 1418 515 1458 quae
542 1408 659 1445 tanto
688 1405 889 1445 saluatori
917 1405 954 1445 in
980 1404 1219 1458 prophetiae
1241 1404 1549 1457 praedicatione
1571 1407 1763 1458 coaptan-

235 1479 316 1518 tur.
350 1476 488 1517 dictus
523 1479 588 1517 est
619 1476 712 1516 hinc
747 1488 896 1516 seusus
930 1475 1274 1529 elegantissimus
1303 1488 1324 1515 a
1350 1475 1573 1528 prioribus,
1601 1475 1692 1516 ideo
1720 1489 1764 1516 se

236 1547 313 1588 hoc
353 1548 518 1588 nomine
559 1546 774 1588 Christum
816 1547 1096 1600 praenuntiari
1138 1546 1339 1588 uoluisse.
1382 1547 1479 1599 quia
1518 1547 1674 1587 uermis
1715 1546 1764 1587 de

235 1630 355 1659 carne
389 1618 476 1659 sine
510 1618 733 1659 concubitu
768 1617 968 1659 nascitur.
1003 1618 1114 1658 sicut
1146 1620 1270 1658 natus
1303 1620 1368 1658 est
1399 1617 1471 1658 ille
1505 1617 1554 1658 de
1587 1616 1763 1670 uirgine.

237 1689 309 1730 sed
341 1690 380 1730 iu
414 1689 518 1730 libro
553 1702 628 1730 suo
662 1690 735 1730 lob
770 1701 865 1730 cum
900 1688 949 1730 de
983 1689 1182 1730 creaturis
1216 1688 1469 1729 caelestibus
1512 1688 1764 1740 loqueretur.

236 1761 346 1814 quod
386 1761 424 1801 in
466 1761 531 1801 dei
571 1766 797 1814 conspectu
839 1761 964 1802 etiam
1003 1761 1095 1814 ipsa
1135 1760 1203 1800 uix
1244 1759 1397 1800 munda
1430 1759 1532 1802 sint:
1569 1759 1761 1810 Quanto

235 1832 407 1887 magis,
441 1832 588 1885 inquit.
624 1832 766 1873 homo
799 1831 1009 1884 putredo
1044 1833 1090 1871 et
1123 1830 1266 1871 silius
1305 1830 1520 1871 hominis
1560 1830 1762 1871 uei-mis.

234 1903 497 1957 putredinem
530 1916 602 1956 pro
638 1903 893 1944 mortalitate
928 1903 1080 1956 posuit.
1115 1914 1219 1955 quae
1251 1902 1333 1942 iani
1369 1901 1485 1942 uelut
1520 1904 1761 1954 conceptam

238 1974 346 2028 gerit
376 1974 575 2016 moliendi
610 1974 920 2016 necessitatem.
955 1973 992 2014 iu
1029 1986 1152 2026 quam
1193 1972 1400 2026 peccando
1441 1977 1662 2013 contrusus
1703 1979 1763 2011 est

356 2136 376 2170 8
402 2137 460 2171 Ps.
487 2136 543 2179 21,
572 2137 663 2169 -·›—7
748 2136 787 2168 17
818 2135 861 2169 ct'.
890 2134 989 2179 Orig.
1019 2135 1051 2168 in
1082 2135 1212 2168 Lucam
1238 2134 1332 2168 hom.
1363 2133 1441 2167 XIV
1470 2133 1606 2177 (aliga.-
1635 2132 1762 2177 patrol.

239 2207 290 2238 gr.
315 2195 401 2230 XIII
430 2207 462 2240 p.
493 2195 594 2230 1837.
629 2196 775 2237 6-1Ῐ);
811 2194 955 2228 Hieron.
991 2194 1088 2228 bren.
1123 2193 1159 2227 iu
1194 2204 1244 2238 ps.
1272 2192 1352 2226 xxi
1381 2193 1517 2235 (Migne
1547 2191 1673 2236 patrol.
1701 2191 1764 2224 lat.

238 2254 352 2288 XXVI
380 2267 412 2300 p.
440 2255 520 2289 2⁴80.
548 2255 703 2290 29-371
778 2254 819 2287 ’21
851 2253 913 2287 Iob
941 2254 996 2289 25.
1026 2254 1119 2286 5-6

285 2338 305 2371 2
334 2338 426 2371 enim
453 2349 519 2371 om.
550 2337 582 2371 G
760 2347 890 2371 eorum.
925 2347 966 2368 m.
1000 2338 1037 2367 u!
1075 2334 1146 2369 nid.
1183 2337 1207 2367 ,2
1241 2334 1379 2367 illorum
1419 2333 1445 2366 Ι,
1481 2334 1620 2367 illorum
1661 2332 1762 2366 URG

239 2397 260 2430 3
287 2396 335 2441 et]
363 2396 407 2430 ad
440 2396 471 2430 T
541 2397 562 2430 4
591 2407 675 2430 suae
704 2408 780 2429 esse
813 2396 842 2426 l)
927 2396 947 2427 ἴ)
970 2397 1054 2437 lto-st
1080 2394 1150 2427 iani
1179 2405 1249 2426 ras.
1279 2397 1378 2426 .;¹-—.‘-;
1405 2393 1425 2426 I.
1459 2392 1485 2424 Ι,
1586 2403 1653 2435 qun
1682 2404 1760 2426 0171.-

239 2467 282 2489 m.
311 2458 335 2489 2
361 2455 446 2489 add.
480 2455 510 2488 T
569 2456 589 2489 δ
617 2458 853 2499 sperazierunt
879 2460 999 2498 patres
1027 2453 1140 2486 nostri
1168 2453 1232 2488 bats.
1260 2452 1410 2485 alna-mn
1441 2451 1507 2484 det.
1539 2450 1565 2483 l,
1629 2452 1648 2483 ‘J
1677 2451 1764 2483 litie-

241 2515 324 2548 rasti
355 2514 428 2548 GT
449 2525 515 2548 sec.
550 2513 652 2558 Vulq.
709 2514 745 2546 11
777 2513 904 2547 auiuni
938 2511 1008 2545 GT
1066 2512 1108 2545 13
1137 2510 1278 2545 dicitur.
1307 2523 1348 2542 m⁴
1379 2515 1403 2542 ,·.’
1429 2509 1497 2542 «livi
1528 2511 1558 2541 (i
1615 2511 1652 2542 1⁴
1682 2520 1765 2542 eou-

239 2574 478 2607 tentissimum
508 2573 539 2606 l,
653 2573 692 2607 16
720 2571 988 2617 praedicatione
1017 2570 1226 2615 prophetiae
1254 2569 1332 2603 edd.
1454 2569 1492 2601 17
1521 2567 1649 2601 ‹ln-tus.
1678 2580 1719 2600 m.
1754 2571 1765 2599 1

240 2643 329 2666 corr.
356 2632 485 2666 ductus
514 2631 547 2666 R
644 2631 703 2664 hic
732 2630 805 2664 GT
901 2630 966 2663 hoc
993 2642 1029 2662 se
1060 2628 1133 2662 GT
1223 2629 1264 2661 lb'
1294 2628 1434 2661 humine
1465 2629 1494 2657 (Ι
1590 2637 1764 2669 piu-enun-

240 2690 329 2724 tiare
360 2690 426 2725 ΟΕ
502 2691 543 2723 19
571 2689 630 2723 ille
658 2696 762 2723 natus
790 2692 845 2722 est
871 2687 949 2721 edd.
1026 2688 1066 2721 21
1098 2686 1162 2721 deo
1190 2686 1224 2721 R
1323 2687 1398 2728 ipsa
1428 2686 1480 2717 uix
1511 2683 1650 2718 munda.
1680 2696 1709 2716 m
1743 2689 1766 2716 ,2

241 2749 338 2793 ipsae
366 2749 421 2782 uix
449 2748 602 2782 mundae
633 2748 663 2781 G
693 2749 748 2781 uix
777 2748 874 2792 ipsae
902 2746 1053 2780 mundae
1081 2746 1161 2779 edd.
1246 2746 1287 2778 22
1318 2744 1508 2778 nior-leudo,
1538 2756 1579 2775 m.
1610 2746 1633 2775 2
1660 2744 1764 2775 moui-

243 2807 323 2841 cndi
358 2808 387 2841 T
