1952 3118
17 866 142 909 XXV

14 938 80 980 <81

143 960 177 985 10

145 1314 177 1340 15

143 1671 178 1696 20

723 174 1076 219 epistularum
1116 172 1216 208 CXL.
1650 176 1735 217 229

203 306 385 360 nuptias,
431 317 537 358 quae
574 306 843 358 praeparatae
884 306 1011 353 erant,
1052 304 1131 345 hoc
1177 306 1242 345 est
1280 316 1385 356 quae
1425 316 1568 345 ueram
1608 303 1732 344 fidem

201 388 426 429 ueramque
464 375 666 429 pietatem
706 374 829 416 corde
867 375 1103 429 gestabant,
1144 387 1227 428 qua
1271 377 1444 428 possent
1489 377 1732 428 contempe-

203 448 283 488 rari
332 459 503 487 numero
556 445 832 499 societatique
884 449 1121 486 sanctorum
1173 458 1253 486 non
1304 445 1345 486 in
1396 458 1440 487 se
1496 445 1602 499 ipsis
1660 445 1733 486 sed

203 518 242 558 in
283 517 450 558 domino
490 516 776 571 gloriantium,
816 518 865 557 ut
902 516 1107 557 intrarent
1147 528 1241 557 cum
1282 516 1341 557 eis
1380 516 1487 557 illud
1519 516 1735 571 gaudium,

204 589 252 630 de
292 601 373 642 quo
414 588 587 629 dicitur:
632 588 769 628 Intra
813 587 860 628 in
906 586 1142 641 gaudium
1190 586 1375 628 domini
1415 587 1503 638 tui,
1543 587 1616 628 ubi
1656 587 1735 628 erit

202 660 386 713 perfecta
423 658 689 713 participatio
729 657 1089 699 incommutabilis
1129 658 1239 707 boni,
1281 657 1403 699 cuius
1447 657 1570 699 modo
1616 658 1736 699 uelut

203 743 292 771 arra
330 729 533 782 quaedam
572 742 645 782 per
682 728 807 770 fidem
845 731 1025 771 tenetur.
1059 730 1106 769 ut
1140 727 1371 770 secundum
1410 728 1518 770 hanc
1556 729 1734 783 gratiam

202 802 413 850 uiuamus,
447 801 487 841 in
521 803 726 853 qnantum
759 799 835 841 deo
869 812 950 840 non
982 798 1103 840 nobis
1136 798 1339 841 uiuimus.

262 871 439 913 Proinde
473 871 583 924 quod
618 870 827 923 sequitur:
861 869 1152 911 Nouissime
1184 869 1397 910 ueniunt
1430 872 1477 911 et
1508 870 1733 924 reliquae

204 943 427 998 uirgines
463 942 710 983 dicentes:
750 941 970 991 Domine,
1017 940 1225 990 domine,
1273 941 1408 995 aperi
1447 941 1606 991 nobis,
1652 954 1732 982 non

202 1015 360 1056 dictum
395 1016 459 1055 est
491 1026 560 1054 eas
594 1013 747 1054 emisse
780 1013 920 1054 oleum
954 1014 996 1054 et
1028 1012 1088 1053 sic
1122 1012 1304 1063 uenisse,
1338 1025 1473 1065 neque
1507 1012 1618 1053 enim
1651 1013 1733 1053 iam

202 1088 290 1127 erat
323 1085 444 1134 unde,
474 1084 547 1125 sed
580 1083 909 1126 misericordiam
945 1096 1036 1125 sero
1071 1083 1303 1136 quaesisse,
1331 1095 1428 1125 cum
1454 1083 1537 1124 iam
1564 1086 1733 1137 tempus

200 1156 413 1197 iudicandi
452 1158 565 1197 esset
602 1160 642 1196 et
679 1156 832 1209 probos
872 1168 894 1195 a
932 1155 1118 1207 reprobis
1159 1154 1389 1208 separandi.
1434 1157 1546 1196 recte
1591 1157 1731 1196 autem

202 1227 287 1268 illis
313 1226 608 1279 respondetur:
635 1227 785 1267 Amen
814 1226 923 1267 dico
951 1225 1111 1275 uobis,
1145 1225 1315 1269 nescio
1343 1238 1452 1274 uos;
1479 1225 1551 1266 ille
1579 1226 1733 1279 quippe

202 1299 279 1340 hoc
313 1298 428 1348 dicit,
456 1311 579 1350 quem
612 1310 692 1339 non
726 1298 832 1339 latet
865 1297 1034 1350 aliquid.
1069 1296 1161 1338 sed:
1196 1295 1377 1339 Nescio
1410 1309 1499 1338 uos
1531 1297 1638 1338 nihil
1670 1299 1734 1338 est

203 1369 318 1410 aliud
362 1382 507 1423 quam:
550 1369 735 1411 Nescitis
781 1383 862 1419 me,
910 1368 1074 1422 quando
1120 1369 1169 1410 de
1214 1368 1336 1410 uobis
1380 1368 1522 1422 potius
1574 1368 1732 1422 eligitis

203 1440 406 1482 confidere
440 1454 562 1494 quam
599 1441 649 1482 de
682 1454 759 1483 me.
793 1453 889 1482 cum
923 1440 1033 1482 enim
1067 1440 1234 1489 dicitur,
1262 1439 1373 1493 quod
1405 1452 1481 1482 nos
1514 1440 1733 1494 cognoscit

202 1511 319 1561 deus,
348 1512 629 1566 cognitionem
663 1512 740 1553 sui·
762 1512 882 1553 nobis
914 1513 1112 1564 praestat,
1144 1512 1193 1552 ut
1224 1523 1296 1564 per
1327 1511 1406 1552 hoc
1431 1510 1731 1565 intellegamus

201 1596 250 1624 ne
296 1584 374 1624 hoc
419 1583 587 1636 quidem
639 1583 759 1624 nobis
811 1595 902 1624 esse
952 1582 1237 1632 tribuendum
1284 1582 1395 1635 quod
1445 1594 1520 1623 nos
1571 1581 1731 1623 scimus

202 1654 339 1696 deum.
361 1654 434 1695 sed
457 1667 547 1695 eam
569 1667 735 1707 quoque
757 1654 972 1694 scientiam
1002 1653 1116 1694 illius
1143 1652 1454 1694 misericordiae
1479 1652 1732 1694 tribuamus.

202 1726 324 1775 unde,
371 1738 464 1766 cuni
511 1724 691 1777 quodam
736 1725 829 1766 loco
881 1725 1098 1778 apostolus
1149 1723 1325 1765 diceret:
1374 1723 1515 1764 Nunc
1565 1725 1729 1765 autem

202 1798 565 1849 cognoscentes
618 1795 773 1846 deum,
819 1796 998 1837 correxit
1043 1797 1085 1836 et
1136 1794 1213 1836 ait:
1266 1794 1417 1836 Immo
1470 1795 1663 1849 cogniti
1709 1807 1731 1835 a

202 1866 287 1908 deo
334 1867 433 1920 quid
478 1866 594 1907 aliud
639 1866 785 1908 uolens
831 1866 1036 1921 intellegi,
1076 1865 1158 1907 nisi
1197 1865 1307 1918 quod
1348 1878 1418 1906 eos
1457 1865 1547 1919 ipse
1585 1865 1731 1907 fecerit

201 1938 436 1992 cognitores
464 1940 592 1979 suos?
619 1950 740 1980 nemo
762 1940 904 1979 autem
926 1937 1145 1992 cognoscit
1166 1937 1305 1987 deum,
1326 1936 1407 1978 nisi
1429 1936 1497 1990 qui
1520 1936 1731 1990 intellegit

317 2124 337 2154 ἴ)
363 2123 492 2157 Matth.
520 2123 575 2163 25,
603 2123 665 2165 ‘213
692 2123 737 2157 23
811 2124 849 2164 93
880 2123 922 2157 14
948 2123 1077 2157 Matth.
1105 2124 1161 2160 25.
1191 2123 1330 2157 11—12
1406 2123 1449 2157 21
1478 2122 1556 2158 Gal.
1584 2124 1617 2158 4.
1644 2123 1664 2157 9

249 2241 262 2274 1
294 2242 438 2284 paratae
464 2239 539 2275 RT
563 2242 623 2281 (m.
649 2244 690 2274 ut
715 2240 792 2276 uid.
821 2243 839 2273 1
867 2251 956 2276 corr.
986 2242 1172 2285 pparatae)
1198 2240 1319 2283 flrm
1346 2251 1412 2276 sec.
1448 2240 1550 2285 Vulq.
1634 2239 1727 2284 quod

198 2298 304 2333 LOR
329 2302 388 2342 (m.
416 2303 434 2333 1
459 2310 548 2334 corr.
577 2300 680 2343 quae)
802 2300 823 2334 2
850 2300 1020 2344 gestabat
1046 2300 1131 2344 quia
1155 2299 1190 2334 L
1331 2302 1613 2344 conternperare‚
1639 2311 1684 2335 m.
1712 2303 1729 2332 1

198 2356 245 2401 (.9)
273 2369 363 2393 corr.
390 2358 651 2403 contemperari
668 2358 702 2392 L
775 2359 797 2392 3
823 2359 990 2393 societati
1017 2361 1054 2392 et
1080 2369 1226 2393 numero
1257 2358 1329 2393 GT
1393 2359 1416 2392 4
1441 2358 1547 2403 illud]
1575 2358 1610 2392 in
1638 2357 1727 2391 illud

198 2417 276 2451 edd.
326 2418 347 2451 6
373 2417 481 2458 bono,
505 2429 550 2453 m.
578 2420 596 2451 1
623 2428 739 2462 supra
760 2417 845 2451 add.
866 2418 951 2451 boni
983 2417 1012 2453 Ο
1069 2418 1112 2451 13
1140 2445 1244 2454 .....
1260 2418 1324 2452 bos
1351 2429 1371 2452 a
1398 2418 1557 2463 reprobis
1587 2420 1638 2459 (et
1665 2429 1726 2462 pro

197 2475 344 2510 humore
367 2476 592 2521 corruptum)
622 2476 652 2511 Ο
678 2479 714 2510 et
746 2477 917 2521 probrosa
948 2479 1058 2520 (post.
1085 2488 1101 2510 r
1127 2487 1221 2521 exp.)
1249 2477 1408 2522 reprobis
1441 2479 1543 2518 (mite
1569 2476 1727 2520 reprobis

197 2546 225 2567 8.
250 2546 286 2569 u.
311 2546 356 2568 m.
383 2537 401 2568 1
427 2535 514 2569 aad.
542 2540 575 2578 a)
610 2534 640 2568 T
665 2538 701 2569 et
733 2535 862 2580 probos
897 2538 932 2569 et
964 2535 1137 2581 reprobis,
1165 2548 1238 2577 ras-2
1265 2539 1301 2570 et
1337 2535 1437 2581 probi
1466 2540 1500 2569 et
1528 2535 1667 2580 reprobi
1694 2535 1727 2568 L

245 2596 364 2627 autem
391 2603 458 2627 om.
490 2593 522 2627 T
598 2594 638 2628 14
664 2606 766 2628 amen
794 2595 848 2629 bis
880 2594 911 2627 T
1006 2595 1086 2639 uos]
1115 2595 1219 2629 uobis
1245 2595 1279 2629 L
1376 2595 1429 2629 illi
1463 2594 1492 2627 'l'
1560 2596 1602 2627 15
1629 2594 1727 2628 aliud

199 2655 254 2685 est
278 2651 356 2686 edd.
481 2653 523 2686 16
550 2664 604 2687 me
633 2663 699 2687 om.
732 2653 764 2686 T
860 2653 1003 2698 clegitis
1030 2653 1066 2687 L
1090 2654 1253 2698 elegistis
1285 2654 1357 2689 GT
1479 2653 1520 2686 17
1549 2653 1635 2687 deus
1662 2664 1725 2687 nos

199 2711 381 2755 cognoscit
407 2711 493 2745 deus
519 2711 562 2745 N
657 2713 699 2746 18
726 2713 793 2757 sui]
822 2713 866 2746 sii
893 2712 924 2746 L
1022 2714 1064 2746 21
1094 2713 1172 2747 loco
1200 2713 1354 2758 quodam
1380 2712 1422 2746 N
1516 2712 1560 2746 ‘23
1589 2712 1725 2751 uolens,

200 2780 244 2803 m,
272 2771 296 2803 2
321 2770 436 2804 uoluit
467 2770 498 2804 T
594 2771 688 2815 quod
716 2772 791 2816 ipse
819 2771 905 2805 fecit
939 2771 969 2804 T
1040 2772 1085 2805 24
1113 2774 1306 2817 cognoscet
1343 2771 1371 2804 T
