1952 3118
705 163 1056 207 epistularum
1097 162 1184 197 CLl.
1616 164 1698 205 391

177 294 345 336 crimine
383 295 638 336 notarentur.
678 292 750 333 sed
789 294 951 333 tantum
992 292 1373 335 commonitorium,
1420 304 1501 345 quo
1540 304 1611 333 eos
1651 292 1701 332 ah

175 365 287 407 omni
338 364 533 406 molestia
580 364 735 405 liberos
787 363 998 404 dimittere
1055 363 1284 404 iuberetur.
1342 363 1525 417 gratuita
1574 363 1704 417 igitur

175 435 423 478 crudelitate
461 435 576 476 nulla
614 434 881 484 necessitate,
928 433 1124 487 quamuis
1165 436 1207 475 et
1244 434 1348 474 aliae
1387 446 1552 482 causae,
1598 446 1701 486 quas

174 507 438 561 suspicamur
468 518 543 547 nec
576 518 681 559 opus
715 507 780 547 est
812 505 1076 547 committere
1107 504 1277 547 litteris.
1319 504 1491 546 forsitan
1531 504 1700 547 fuerint.

173 578 371 620 atrociter
408 577 678 619 contristauit
717 576 954 625 ecclesiam,
1000 575 1051 616 ad
1091 575 1212 617 cuius
1252 576 1454 617 ecclesiae
1493 576 1700 630 gremium

171 649 298 691 frater
335 649 426 690 eius
463 650 657 690 metuens
694 647 829 701 perire
870 646 1129 701 confugerat,
1178 649 1226 688 ut
1264 659 1358 688 eum
1404 647 1551 688 uiuum
1597 647 1701 688 tanti

171 720 339 762 sceleris
372 720 657 762 consiliarium
691 719 904 773 reperiret,
937 719 1059 760 cuius
1087 718 1290 759 ecclesiae
1323 718 1450 759 etiam
1482 718 1572 771 ipse
1606 730 1698 759 cum

169 795 390 845 patronum
424 791 682 839 offendisset,
719 790 875 844 petiuit
907 790 1110 831 auxilium
1143 803 1218 831 nec
1251 790 1287 831 ei
1320 789 1460 843 potuit
1492 789 1699 843 denegari.

171 861 280 904 hunc
307 863 342 904 si
370 862 528 916 diligis.
562 861 790 911 detestare3
826 862 860 903 si
886 873 966 903 non
995 861 1075 910 uis,
1104 863 1153 902 ut
1178 861 1218 902 in
1247 862 1462 902 aeternum
1490 859 1700 914 puniatur.

170 934 353 975 exhorre.
382 933 442 976 sic
469 933 768 975 existimationi
795 935 907 980 tuae,
935 933 996 974 sic
1018 937 1083 974 est
1102 932 1216 974 uitae
1237 932 1353 973 illius
1375 931 1698 974 consulendum:

169 1017 262 1046 nam
298 1005 368 1058 qui
400 1004 441 1045 in
475 1017 521 1045 eo
556 1004 709 1059 diligit,
743 1003 853 1057 quod
886 1003 975 1045 odit
1007 1003 1122 1054 deus,
1154 1015 1233 1044 non
1268 1003 1407 1044 solum
1441 1001 1530 1044 odit
1559 1002 1699 1055 ipsum

170 1076 241 1118 sed
275 1076 399 1117 etiam
434 1088 478 1117 se
511 1076 664 1129 ipsum.

229 1146 345 1198 Quae
390 1160 485 1188 cum
530 1147 589 1188 ita
633 1147 731 1189 sint.
778 1159 852 1188 nec
898 1146 948 1188 de
992 1150 1065 1188 tua
1102 1146 1362 1201 benignitate
1405 1146 1543 1199 credo,
1589 1147 1700 1200 quod

168 1218 272 1260 tanti
317 1218 486 1259 sceleris
532 1220 680 1260 auctor
722 1218 791 1259 nel
842 1218 1051 1272 particeps
1101 1218 1230 1260 fueris
1280 1230 1440 1271 nosque
1489 1218 1699 1260 malitiosa

170 1289 416 1331 crudelitate
455 1290 666 1333 fefelleris.
708 1289 818 1343 quod
859 1290 970 1331 absit
1002 1302 1024 1330 a
1057 1289 1147 1331 uita
1179 1292 1221 1331 et
1258 1289 1446 1330 moribus
1484 1289 1584 1338 tuis,
1623 1303 1698 1330 nec

167 1361 375 1403 amicitias
407 1363 571 1403 uestras
601 1361 711 1402 tales
743 1361 856 1410 uo10,
889 1360 1043 1414 quibus
1077 1362 1118 1402 et
1149 1360 1220 1402 ille
1252 1360 1292 1401 in
1327 1373 1449 1401 suum
1481 1360 1697 1402 interitum

169 1432 373 1486 glorietur
410 1432 459 1473 de
498 1432 608 1473 malo
643 1434 685 1473 et
717 1431 986 1474 confirmetur
1021 1432 1205 1473 11111113113
1242 1432 1443 1485 suspicio,
1482 1432 1556 1474 sed
1592 1432 1697 1473 tales<

167 1503 323 1557 potius.
357 1493 509 1557 quilius
543 1503 594 1545 ad
625 1503 925 1557 paenitentiam
958 1503 1192 1557 deponatur
1223 1505 1265 1544 et
1295 1504 1422 1545 talem
1457 1516 1503 1545 ac
1534 1505 1695 1544 tantam

166 1574 480 1628 paenitentiam,
526 1574 692 1628 qualem
744 1576 1028 1626 quantamque
1084 1574 1304 1628 postulant
1351 1577 1438 1616 tam
1495 1573 1697 1616 horrenda

166 1645 340 1687 uulnera
388 1645 652 1688 medicinam.
700 1647 817 1687 tanto
868 1645 1023 1699 quippe
1073 1645 1137 1687 illi
1187 1646 1360 1687 amicior
1409 1645 1489 1687 eris
1540 1648 1695 1700 quanto

167 1716 395 1758 sceleribus
434 1717 525 1758 eius
563 1717 785 1758 inimicior.
826 1717 948 1771 cupio
983 1729 1080 1758 sane
1117 1717 1398 1770 praestantiae
1436 1720 1533 1759 tuae
1572 1731 1696 1760 nosse

168 1788 396 1842 rescriptis,
442 1788 514 1829 ubi
553 1801 600 1830 eo
640 1788 705 1829 die
751 1788 896 1837 fueris,
942 1801 1023 1842 quo
1069 1788 1175 1830 illud
1219 1789 1449 1830 admissum
1491 1791 1569 1838 est,
1614 1802 1695 1843 quo

167 1859 290 1901 modo
323 1859 548 1913 acceperis,
582 1859 681 1913 quid
713 1862 862 1913 postea
894 1860 1043 1914 egeris,
1086 1862 1227 1901 utrum
1261 1873 1355 1901 eum
1390 1860 1562 1903 uideris.
1596 1861 1695 1914 quid

169 1930 204 1971 ei
232 1930 398 1979 dixeris,
425 1930 526 1984 quid
553 1931 602 1971 ab
628 1930 703 1972 illo
730 1931 928 1972 audieris.
955 1945 1032 1986 ego
1060 1932 1167 1973 enim
1197 1944 1243 1973 ex
1264 1945 1345 1985 quo
1372 1932 1466 1973 inde
1492 1931 1695 1986 postridie

166 2003 336 2054 repente
363 2001 555 2051 discessi,
588 2002 707 2053 nihil,
741 2002 853 2056 quod
880 2002 931 2044 ad
958 2003 1065 2044 hanc
1091 2016 1176 2044 rem
1205 2002 1377 2045 adtinet.
1407 2003 1456 2045 de
1483 2006 1524 2044 te
1552 2003 1695 2045 audire

166 2072 296 2126 potui.

226 2141 347 2194 Quod
384 2157 483 2186 uero
522 2145 562 2186 in
603 2145 786 2198 epistula
823 2148 897 2187 tua
933 2145 1018 2201 legi
1056 2146 1139 2187 iam
1172 2149 1214 2188 te
1247 2146 1341 2201 cogi
1375 2146 1556 2196 credere,
1589 2159 1639 2188 ne
1674 2160 1695 2187 a

166 2227 232 2255 me
270 2215 485 2257 uidereris
531 2219 573 2258 et
605 2216 845 2271 Carthagini
877 2230 944 2258 me
978 2221 1190 2272 negatum,
1223 2222 1270 2259 tu
1304 2218 1445 2272 potius
1480 2219 1596 2273 cogis
1629 2218 1694 2259 his

166 2285 319 2336 uerbis,
365 2291 412 2328 ut
451 2287 664 2329 absentiae
709 2301 825 2329 meae
871 2301 1019 2330 causas
1064 2301 1143 2330 non
1188 2292 1364 2331 taceam.
1411 2302 1585 2343 quarum
1632 2293 1695 2330 est

213 2413 234 2447 2
260 2413 453 2453 iuberetur,
480 2415 519 2448 in
547 2426 658 2459 mary.
686 2415 730 2451 al.
759 2415 968 2450 iuberentur
995 2417 1040 2451 lt·
1184 2418 1205 2452 8
1233 2418 1363 2452 3111111111
1398 2417 1472 2452 VU
1500 2418 1554 2461 (in
1579 2428 1691 2461 mara.

168 2471 318 2515 asylum)
345 2473 479 2517 asylum
507 2486 538 2507 m
642 2475 683 2508 10
710 2475 904 2509 exhorres'f't'
944 2477 1031 2518 (ras,
1059 2478 1154 2510 1-2
1180 2477 1217 2518 l.)
1244 2477 1279 2510 P
1371 2477 1409 2510 ll
1442 2476 1528 2510 deus
1555 2475 1631 2509 odit
1665 2475 1698 2508 Γ

171 2530 211 2564 14
237 2532 386 2575 nosque!
414 2543 569 2578 nonque.
596 2544 639 2566 m.
669 2536 686 2566 1
712 2544 802 2568 corr.
830 2545 966 2579 nosquc*¹
995 2534 1030 2568 P
1053 2546 1167 2579 neque
1195 2534 1290 2579 quod
1324 2534 1396 2569 VU
1418 2535 1496 2569 edd.
1551 2535 1593 2568 1-’1
1620 2545 1693 2568 cre-

168 2588 319 2624 dulitate
352 2590 386 2625 [⁷
460 2592 501 2625 18
528 2591 741 2636 disponatur
774 2592 842 2625 Vl'
866 2594 962 2635 ecId.;
987 2595 1033 2637 cf,
1053 2605 1104 2638 ep.
1135 2594 1371 2629 CCXXXII
1397 2596 1419 2627 6
1447 2595 1494 2628 in.
1569 2594 1615 2627 20
1643 2593 1692 2627 illi

168 2658 232 2684 om.
266 2649 336 2682 Vl'
358 2651 435 2685 edd.
546 2651 586 2684 21
618 2652 722 2696 cupio
750 2654 850 2696 sane}
880 2653 1055 2687 curiosum
1084 2657 1140 2687 est
1174 2653 1242 2687 ΓΙ]
1265 2655 1332 2687 edd
1471 2653 1693 2698 praesentiae

168 2709 264 2742 codd.
294 2709 366 2743 lsr
391 2710 441 2751 (in
470 2721 581 2754 mara.
610 2712 870 2755 praestantiae)
921 2714 965 2746 ‘2:2,
992 2714 1126 2757 utrum}
1155 2716 1217 2747 ant
1245 2724 1321 2747 cuni
1358 2712 1429 2747 Vls
1450 2713 1525 2747 cdd,
1577 2713 1623 2746 25
1649 2712 1691 2746 ad

169 2775 233 2799 om.
268 2766 338 2800 VU
361 2767 417 2801 lm
