1952 3118
586 213 593 215 ⁴
620 199 968 243 epistularum
1008 199 1199 235 CLXXIII.
1587 202 1672 244 643

144 328 313 379 misisti,
346 330 394 369 ut
419 327 652 377 morereris,
684 327 746 368 illi
779 330 820 369 te
858 328 1068 369 nolentem
1104 329 1152 370 de
1185 342 1294 383 aqua
1325 329 1587 381 leuauerunt,
1621 344 1670 371 ne

145 400 381 447 morereris3
415 401 462 440 tu
494 398 633 440 fecisti
666 399 898 440 secundum
931 400 1195 442 uoluntatem
1223 403 1337 442 tuam
1365 401 1436 443 sed
1464 401 1503 443 in
1538 402 1671 456 perni-

144 471 247 512 ciem
282 474 413 520 tuam,
453 470 516 511 illi
549 472 693 512 contra
731 470 994 512 uoluntatem
1033 474 1148 513 tuam
1184 472 1257 514 sed
1290 475 1458 526 proptor
1490 475 1671 515 salutem

142 549 271 583 tuam.
317 541 351 583 si
397 554 495 595 ergo
540 540 654 581 salus
698 541 780 582 ista
824 542 1050 595 corporalis
1090 542 1151 583 sic
1190 541 1464 584 custodienda
1502 545 1578 593 est,
1624 547 1673 586 ut

144 612 269 653 etiam
302 612 343 653 in
377 611 617 653 nolentibus
651 611 700 653 ab
735 611 808 654 eis.
843 612 911 664 qui
946 624 1016 654 eos
1050 612 1245 667 diligunt,
1280 616 1482 665 seruetur,
1515 619 1670 669 quanto

144 683 278 736 magis
317 682 391 724 illa
423 682 640 737 spiritalis,
679 682 719 723 in
754 683 874 724 cuius
909 683 1144 724 desertione
1178 696 1289 725 mors
1322 687 1490 726 aeterna
1521 687 1672 727 metui-

144 756 229 795 tur!
283 766 537 807 quamquam
588 754 628 795 iu
678 753 761 795 ista
810 758 956 805 morte,
1002 766 1127 807 quam
1171 755 1250 796 tibi
1294 757 1340 796 tu
1385 755 1475 808 ipse
1520 756 1672 798 inferre

145 825 334 871 uoluisti,
362 837 441 866 uon
464 824 602 866 solum
623 824 675 865 ad
695 827 864 878 tempus
887 825 960 866 sed
982 825 1107 866 etiam
1128 825 1168 866 in
1197 828 1411 867 aeternum
1437 829 1671 876 morereris,

145 895 255 948 quia,
296 895 375 936 etsi
414 908 493 936 non
533 895 584 937 ad
623 896 818 942 salutem,
859 909 938 937 non
979 896 1029 937 ad
1069 896 1272 938 ecclesiae
1310 909 1469 950 pacem,
1508 911 1587 940 non
1622 898 1673 939 ad

146 966 301 1008 Christi
352 967 534 1020 corporis
589 966 807 1017 unitatem,
859 980 938 1009 non
990 967 1039 1008 ad
1092 970 1277 1009 sanctam
1324 970 1366 1009 et
1409 968 1671 1010 indiuiduam

144 1038 361 1080 caritatem
390 1038 463 1079 sed
490 1038 542 1079 ad
567 1038 678 1079 mala
703 1038 842 1091 aliqua
875 1038 1097 1092 cogereris
1131 1051 1206 1081 nec
1239 1039 1299 1080 sic
1332 1039 1410 1080 tibi
1442 1039 1534 1093 ipse
1566 1053 1673 1081 mor-

144 1113 229 1151 tem
263 1110 413 1151 inferre
446 1109 643 1150 debuisti.

204 1179 429 1222 Considera
467 1180 698 1233 scripturas
732 1179 897 1221 diuinas
932 1182 974 1222 et
1006 1180 1186 1230 discute,
1220 1183 1424 1234 quantum
1457 1184 1592 1236 potes,
1632 1189 1674 1223 et

145 1251 254 1301 uide,
306 1254 449 1293 utrum
500 1251 579 1293 hoc
628 1252 775 1293 fecerit
827 1252 980 1305 aliquis
1027 1252 1249 1305 aliquando
1293 1253 1503 1294 iustorum
1547 1256 1673 1307 atque

86 1338 96 1360 ι
144 1322 345 1374 fidelium,
389 1335 484 1364 cum
530 1323 579 1363 ab
626 1323 686 1364 eis
730 1325 846 1364 tanta
884 1323 993 1364 mala
1031 1324 1219 1377 perpessi
1258 1323 1355 1374 sint,
1402 1325 1473 1377 qui
1511 1337 1582 1366 eos
1622 1324 1673 1366 ad

144 1398 356 1435 aeternum
381 1394 596 1435 interitum
618 1407 697 1435 non
719 1394 770 1435 ad
796 1394 930 1436 uitam
958 1397 1183 1445 aeternam,
1211 1408 1291 1448 quo
1318 1397 1366 1436 tu
1393 1395 1672 1448 compelleris,

146 1465 380 1519 adigebant.
419 1465 577 1514 audiui,
611 1465 722 1518 quod
749 1465 899 1506 dixeris
932 1466 1173 1519 apostolum
1199 1466 1380 1507 Paulum
1413 1466 1674 1520 significasse

146 1537 222 1577 hoc
260 1536 347 1577 fieri
387 1535 550 1583 debere,
590 1535 663 1576 ubi
702 1535 779 1576 ait:
819 1535 878 1577 Et
916 1536 955 1577 si
989 1535 1245 1577 tradidero
1279 1548 1459 1590 corpus
1498 1550 1672 1588 meum,

147 1610 197 1647 ut
242 1607 450 1648 ardeam.
503 1606 601 1659 quia
645 1606 844 1648 uidelicet
889 1607 1029 1648 omnia
1066 1606 1175 1648 bona
1213 1606 1392 1657 dicebat,
1440 1620 1545 1660 quae
1585 1609 1673 1650 sine

86 1694 107 1716 ει
146 1679 320 1720 caritate
341 1678 444 1719 nihil
465 1680 654 1730 prosunt,
683 1677 795 1718 sicut
815 1679 914 1719 sunt
932 1677 1100 1731 linguae
1123 1678 1340 1719 hominum
1362 1680 1403 1719 et
1429 1679 1673 1732 angelorum

147 1752 188 1790 et
220 1749 358 1790 omnia
391 1751 651 1790 sacramenta
689 1751 732 1790 et
764 1748 899 1789 omnis
934 1748 1107 1789 scientia
1141 1751 1183 1790 et
1215 1749 1349 1789 omnis
1382 1749 1602 1802 prophetia
1634 1754 1676 1791 et

147 1821 281 1862 omnis
326 1819 429 1861 fides
474 1820 546 1869 ita,
592 1823 640 1860 ut
683 1822 847 1861 montes
886 1820 1202 1869 transferantur,
1249 1822 1291 1861 et
1327 1832 1465 1861 rerum
1504 1833 1674 1862 suarum

147 1891 388 1933 distributio
422 1891 691 1944 pauperibus,
725 1891 817 1932 ideo
846 1891 1015 1932 uidetur
1047 1891 1124 1932 tibi
1158 1891 1284 1932 etiam
1318 1891 1397 1932 hoc
1430 1891 1537 1933 inter
1567 1892 1676 1933 bona

147 1974 402 2012 numerasse,
443 1964 490 2002 ut
528 1962 609 2003 sibi
643 1962 822 2015 quisque
854 1962 1004 2004 inferat
1036 1965 1225 2003 mortem.
1265 1961 1337 2002 sed
1371 1961 1549 2003 adtende
1584 1962 1676 2003 dili-

87 2048 115 2072 ·2·
148 2035 291 2086 genter
329 2036 369 2074 et
415 2045 635 2087 cognosce,
682 2046 805 2086 quem
846 2033 896 2073 ad
934 2033 1107 2074 modum
1148 2033 1261 2074 dicat
1299 2032 1519 2086 scriptura,
1565 2033 1675 2086 quod

267 2184 309 2217 19<
337 2183 350 2217 Ι
379 2183 457 2218 Cor.
488 2185 540 2222 13,
569 2186 589 2218 3
666 2185 708 2218 19
735 2184 749 2218 Ι
779 2184 857 2219 Cor.
890 2185 943 2223 13,
975 2185 1063 2218 1-3

196 2268 209 2301 1
240 2267 398 2307 moreris,
427 2278 469 2301 m.
499 2270 516 2300 1
541 2277 631 2301 corr.
658 2267 844 2301 morereris
870 2267 906 2301 P
999 2278 1064 2301 ne*
1084 2267 1119 2300 P
1190 2268 1211 2300 2
1238 2267 1273 2301 in
1301 2277 1381 2306 om,
1408 2278 1451 2300 m.
1480 2269 1499 2299 1
1525 2265 1611 2299 aad.
1632 2264 1679 2298 M

147 2328 166 2358 :3
195 2326 393 2359 salul'lltem
422 2328 509 2361 (ras.
539 2327 638 2359 2-3
664 2326 702 2367 l.)
730 2325 766 2358 P
890 2326 912 2359 4
939 2326 1004 2369 sic}
1033 2326 1074 2363 si,
1101 2336 1145 2359 m.
1175 2327 1200 2358 2
1226 2325 1276 2359 sic
1305 2326 1337 2358 ,1
1483 2328 1522 2357 ut
1550 2334 1614 2357 om.
1643 2323 1679 2356 P

147 2387 167 2417 Γ»
194 2388 355 2419 seruetur
380 2396 447 2419 om.
474 2385 509 2417 l*
557 2386 577 2419 6
605 2384 843 2418 desertionem
871 2384 905 2418 P
953 2385 973 2417 8
999 2385 1158 2424 moreris,
1184 2394 1228 2417 m.
1257 2387 1276 2417 1
1301 2394 1392 2418 corr.
1419 2382 1605 2417 morereris
1631 2382 1677 2415 J!

147 2448 167 2477 9
195 2455 264 2477 non
292 2443 335 2477 de
362 2447 420 2485 (m.
449 2445 474 2477 2
500 2443 559 2488 ad)
585 2443 757 2477 ecclesiae
783 2443 818 2478 P
929 2443 966 2476 11
997 2442 1065 2477 tibi
1092 2443 1142 2478 sic
1169 2443 1204 2477 P
1307 2443 1348 2476 13
1376 2442 1569 2486 scripturas
1598 2445 1675 2475 scas

148 2503 289 2537 diuinas
314 2503 361 2536 M
412 2503 453 2536 14
481 2501 628 2547 aliquid,
657 2514 698 2536 m.
728 2504 753 2535 2
779 2502 909 2547 aliquis
940 2502 970 2536 C
1047 2501 1174 2547 adque,
1202 2513 1245 2535 m.
1274 2504 1299 2535 :3
1324 2504 1433 2545 atque
1460 2500 1495 2533 P
1546 2501 1587 2534 15
1615 2500 1673 2544 qui

149 2563 223 2605 eos}
253 2573 340 2606 quos
367 2561 402 2595 P
463 2562 505 2595 16
533 2561 615 2605 quo]
645 2560 739 2605 quod
766 2561 802 2594 P
864 2562 905 2595 17
933 2560 1143 2605 adigebant}
1171 2560 1206 2594 id
1234 2560 1392 2605 agebant
1417 2559 1453 2594 R
1513 2559 1553 2593 19
1582 2557 1674 2592 bona

148 2632 226 2662 om.,
254 2632 297 2654 m.
324 2623 342 2654 1
370 2619 455 2654 add.
482 2620 521 2654 1⁸
597 2620 760 2654 dicebrut
787 2620 822 2653 P
845 2620 1013 2654 dicebant
1042 2619 1073 2654 C
1130 2621 1172 2654 21
1196 2631 1255 2664 pr.
1284 2619 1413 2662 omnis}
1442 2618 1550 2658 omni,
1579 2628 1622 2653 m.
1652 2620 1676 2650 :2

149 2680 261 2713 omnis
291 2680 321 2711 (7
392 2679 436 2714 23
463 2679 680 2724 pauperibus
698 2680 700 2701 ³
718 2679 798 2713 ideo
825 2679 861 2713 Ι)
892 2679 1107 2723 pauperibus
1140 2679 1254 2723 prosit
1280 2678 1360 2711 ideo
1388 2677 1540 2711 MFAv
1564 2685 1622 2717 (m.
1651 2679 1676 2710 2

148 2738 365 2783 pauperibus
398 2749 465 2771 non
506 2738 618 2782 prosit
650 2737 743 2771 idem
778 2738 824 2771 1²²
866 2738 994 2782 (prosit
1027 2750 1068 2772 m.
1103 2740 1128 2772 2
1160 2738 1244 2779 dez>
1275 2737 1310 2771 R
1349 2736 1427 2770 edel.
1461 2739 1611 2780 praeter
1642 2747 1674 2768 m

148 2799 192 2830 25»
219 2808 373 2841 agnosce
400 2797 478 2831 edd.
577 2798 696 2841 quein}
726 2807 829 2841 quam
856 2799 890 2831 A

1557 2865 1623 2898 41*
