1952 3118
15 1892 63 1934 50

93 977 123 1001 10

91 1329 124 1354 15

92 1685 125 1710 20

665 197 1015 241 epistularum
1057 196 1159 231 CXL.
1593 199 1678 237 205

146 325 395 378 despexit
445 336 655 377 precem
708 325 979 378 pauperis.
1031 338 1256 379 pauperem
1309 325 1510 367 humilem
1557 326 1678 370 dicit:

146 398 243 439 hinc
271 400 354 439 est:
388 396 512 437 Noli
547 396 714 437 altum
749 408 950 449 sapere.
986 396 1076 437 sed
1109 396 1248 438 time.
1283 396 1431 438 timeat
1458 410 1555 452 ergo
1583 410 1677 438 eum

147 482 267 510 omne
301 480 443 509 semen
477 467 651 516 Israhel,
686 467 881 520 quoniam
918 480 996 508 non
1036 467 1225 520 despexit
1264 468 1355 509 eius
1394 481 1575 520 precem.
1610 469 1679 522 qui

146 552 225 580 uon
261 539 392 580 altum
434 538 588 590 sapuit.
628 537 701 578 sed
741 537 897 578 timuit.
937 541 1079 590 potest
1118 538 1196 580 hoc
1235 541 1276 580 et
1315 539 1441 593 capiti
1481 539 1680 592 coaptari.

147 610 244 663 quia
283 609 372 663 ipse
414 609 601 650 saluator
640 609 825 661 corporis
876 612 1097 662 propter
1135 622 1209 650 nos
1250 623 1451 663 pauper
1499 611 1679 651 factus

148 683 243 730 est,
277 693 391 721 cum
431 680 583 721 diues
625 684 784 729 esset.
819 683 873 720 ut
914 679 1029 720 eius
1069 683 1396 733 paupertate
1437 681 1679 722 ditaremur.

148 766 193 793 ex
238 753 368 793 forma
417 751 524 792 enim
572 751 682 791 serui
727 764 885 804 pauper
924 752 1061 792 factus
1103 755 1182 800 est,
1223 765 1268 792 ex
1309 765 1389 805 qua
1429 755 1471 793 et
1515 765 1680 806 precem

148 823 274 871 fudit;
322 823 360 863 iu
403 836 449 863 ea
495 823 648 876 quippe
695 822 1018 864 humiliauit
1063 826 1233 864 semet
1278 824 1451 876 ipsum
1499 825 1680 865 factus

148 893 445 935 oboediens
493 907 661 947 usque
708 893 767 934 ad
812 897 1046 935 mortem.
1099 894 1196 934 uide
1243 907 1354 948 ergo.
1402 895 1499 947 quid
1548 894 1679 935 dicat:

152 964 408 1016 Quoniam
450 978 545 1006 non
587 965 797 1019 spreuit
831 978 998 1018 neque
1032 965 1288 1019 despexit
1321 978 1529 1019 precem
1563 979 1682 1019 pau-

149 1035 293 1089 peris
328 1048 498 1089 neque
533 1036 739 1077 auertit
771 1036 965 1077 faciem
1000 1049 1143 1077 suam
1179 1050 1201 1077 a
1233 1050 1320 1077 me.
1354 1036 1424 1077 ubi
1459 1039 1524 1078 est
1556 1036 1680 1077 illud:

149 1105 320 1157 Quare
356 1119 432 1147 me
467 1107 840 1160 dereliquisti.
874 1108 909 1149 si
943 1120 1016 1148 nec
1050 1107 1197 1148 faeiem
1232 1108 1388 1148 auertit
1421 1108 1471 1148 ab
1505 1120 1566 1157 eo,
1601 1107 1682 1148 nisi

149 1177 247 1231 quia
280 1179 322 1218 et
353 1177 645 1231 derelinquens
678 1191 755 1219 non
792 1178 1052 1232 derelinquit,
1086 1178 1249 1232 quando
1284 1179 1322 1219 in
1362 1179 1483 1219 bonis
1521 1183 1681 1232 tempo—

148 1248 306 1290 ralibus
341 1262 419 1290 uon
454 1249 622 1290 exaudit
661 1263 757 1290 nou
799 1249 858 1289 ad
897 1249 1280 1302 insipientiam
1321 1250 1488 1298 uobis.
1523 1249 1596 1289 sed
1636 1251 1682 1290 ut

149 1320 377 1373 sapiamus,
412 1320 513 1373 quid
558 1321 718 1362 auferat
763 1323 803 1361 et
848 1320 948 1373 quid
993 1321 1139 1361 offerat
1182 1321 1329 1362 nobis?
1376 1334 1487 1368 non,
1533 1321 1681 1373 inquit.

151 1391 364 1444 spreuit
416 1404 586 1444 neque
638 1391 888 1444 despexit
938 1404 1146 1445 precem
1199 1391 1456 1445 pauperis
1515 1403 1681 1444 neque

151 1462 356 1503 auertit
400 1461 594 1503 faciem
641 1475 784 1504 suam
833 1475 855 1502 a
901 1476 974 1503 me
1021 1465 1082 1513 et.
1131 1475 1243 1503 cuin
1290 1463 1575 1503 clamarem
1622 1462 1680 1503 ad

151 1545 278 1577 eum.
319 1533 605 1574 exaudiuit
645 1546 732 1574 me.
773 1533 874 1574 fecit
913 1546 1026 1587 ergo.
1062 1533 1172 1586 quod
1211 1534 1337 1586 paulo
1379 1535 1472 1574 ante
1511 1535 1682 1588 rogatus

151 1605 228 1656 est,
270 1604 341 1645 ubi
380 1604 417 1644 ei
457 1604 682 1657 deprecans
728 1604 850 1645 dixit:
896 1603 966 1645 Ne
1013 1604 1265 1645 discedas
1305 1618 1327 1645 a
1372 1617 1457 1645 me.
1499 1604 1534 1644 si
1574 1603 1682 1644 euim

151 1674 378 1725 exaudiuit,
411 1674 598 1728 profecto
631 1674 743 1715 fecit.
778 1688 858 1716 non
892 1675 1033 1728 itaque
1065 1675 1274 1716 discessit.
1304 1688 1381 1716 uon
1410 1688 1508 1729 ergo
1537 1674 1683 1716 dereli-

150 1746 241 1799 quit
273 1746 351 1787 hoc
385 1745 523 1787 modo.
558 1746 629 1799 qui
668 1746 748 1786 alio
789 1746 911 1787 inodo
953 1746 1189 1799 dereliquit.
1224 1748 1270 1787 ut
1309 1758 1565 1800 saperemus.
1601 1757 1681 1798 quo

151 1817 274 1859 modo
308 1817 443 1871 magis
476 1829 555 1858 non
590 1817 639 1858 ab
674 1829 721 1858 eo
756 1817 988 1870 derelinqui
1024 1817 1131 1858 uelle
1166 1817 1379 1858 debemus.

210 1888 361 1942 Apud
394 1891 443 1929 te
476 1889 594 1930 laus
627 1901 751 1929 mea.
780 1888 881 1941 quid
909 1902 1004 1943 ergo
1033 1892 1195 1930 nocent.
1225 1888 1295 1942 qui
1323 1891 1541 1941 tamquam
1568 1887 1681 1929 uicto

151 1960 369 2006 insultant.
397 1959 507 2012 quod
538 1972 601 2000 me
630 1959 668 1999 iu
696 1960 1001 2012 temporalibus
1029 1959 1333 2013 dereliqueris?
1366 1959 1415 2000 in
1444 1959 1680 2000 ecclesia

270 2076 290 2109 2
319 2076 417 2109 Rom.
448 2076 502 2117 11,
529 2076 574 2109 20
632 2077 652 2107 ἴ)
675 2075 706 2109 ΙΙ
729 2075 807 2109 Cor.
830 2077 863 2110 «Q.
891 2077 911 2109 9
980 2081 999 2106 8
1028 2075 1119 2110 Pliil.
1147 2077 1179 2117 ’2,
1208 2080 1228 2107 8
1307 2076 1363 2110 10:
1395 2077 1437 2109 17»
1464 2076 1521 2110 Ps.
1551 2076 1608 2111 21.
1636 2075 1680 2108 Ξῖ)

155 2135 280 2168 141¹s.
306 2135 363 2171 21.
390 2135 410 2169 3
489 2135 530 2168 19
558 2134 614 2168 Ps.
643 2134 699 2171 21.
730 2135 770 2168 12
840 2136 901 2169 2:32
931 2136 974 2168 24
1004 2135 1059 2168 Ps.
1087 2135 1143 2175 21,
1171 2135 1235 2170 26:
1264 2135 1319 2170 34.
1351 2135 1393 2168 1⁵¹

203 2206 216 2239 1
249 2205 403 2249 dispexit
430 2205 500 2239 LR
598 2206 886 2250 deprecationem
918 2206 991 2239 (r'T
1012 2217 1077 2240 see.
1114 2206 1214 2250 Vuly.
1295 2206 1316 2239 3
1344 2205 1499 2249 dispexit
1524 2205 1559 2239 R
1586 2216 1681 2249 spru·-

155 2265 207 2298 uit
239 2264 269 2297 Τ
375 2265 396 2297 4
424 2267 459 2297 et
487 2265 551 2298 lioc
578 2264 656 2299 edd.
686 2268 754 2298 (cte
780 2276 847 2300 om.
879 2266 891 2298 l
924 2265 1212 2310 pauperem—10
1239 2265 1420 2309 pauperis÷
1522 2266 1542 2293 8
1569 2271 1681 2297 semet

154 2324 269 2367 ipsum
295 2323 500 2357 hurniliauit
525 2335 579 2362 m,-
604 2328 683 2357 cett.
710 2324 788 2357 cdd.
816 2335 883 2359 om.
912 2331 1023 2357 sumet
1050 2325 1164 2368 ipsum
1238 2324 1281 2357 10
1308 2323 1461 2367 dispexit
1490 2322 1524 2356 R
1622 2322 1681 2356 ‹le--

154 2383 394 2427 precationem
426 2382 499 2417 GT
575 2384 614 2416 1‘2
641 2383 684 2417 ab
713 2396 752 2414 eo
782 2384 905 2417 faciem
935 2383 1067 2417 auertit
1100 2383 1130 2416 Τ
1221 2384 1263 2417 13
1291 2382 1510 2427 derelinquit
1537 2394 1571 2415 in
1601 2382 1682 2415 del»

155 2441 194 2475 N
219 2441 411 2486 dereliquit
442 2441 475 2475 T
546 2443 579 2476 iu
607 2454 674 2478 om.
705 2445 734 2475 (Ι
812 2444 852 2477 14
880 2455 947 2476 non
978 2443 1036 2486 ad}
1067 2447 1101 2477 et
1129 2454 1196 2476 non
1227 2443 1271 2477 ad
1290 2443 1420 2484 flrm
1500 2443 1541 2475 15»
1571 2445 1621 2474 -ut
1656 2441 1686 2474 Τ

203 2500 329 2535 offeret
357 2500 387 2533 L
483 2502 523 2534 16
550 2501 704 2547 dispexit
732 2502 802 2537 LR
892 2503 930 2535 17
960 2514 979 2535 a
1005 2513 1085 2537 om..
1112 2513 1157 2535 m.
1185 2505 1203 2535 J
1231 2502 1317 2535 add.
1349 2501 1375 2534 Ι,
1476 2512 1564 2534 eom.
1594 2512 1635 2533 m.
1669 2503 1682 2532 1

156 2569 245 2593 corr.
273 2571 350 2593 cum
379 2560 410 2593 J„
489 2562 529 2593 118⁴
557 2562 643 2595 facit
671 2561 775 2595 Lm}
804 2573 858 2595 ae
957 2561 1061 2604 paulo
1089 2573 1156 2595 om.
1180 2561 1233 2594 N
1293 2562 1333 2594 19
1362 2561 1419 2594 ubi
1449 2561 1479 2593 ei
1507 2560 1555 2593 (lvi
1585 2560 1614 2593 ei
1642 2560 1679 2592 in

100 2625 106 2631 ’
156 2629 230 2654 ras.
257 2630 302 2653 m,
330 2623 367 2653 ut
393 2620 469 2653 uid.
497 2623 529 2661 1)
559 2620 589 2653 O
614 2620 673 2654 ubi
702 2632 779 2654 euin
806 2620 912 2663 Nsl
929 2631 989 2653 rm
1066 2622 1111 2654 ‘20
1138 2621 1264 2664 utique
1285 2619 1326 2653 N
1341 2620 1423 2662 sle·
1438 2631 1469 2651 m
1568 2618 1682 2651 disce-

159 2676 213 2711 dit
242 2677 274 2711 T
392 2679 430 2711 21
463 2679 533 2712 alio
562 2678 779 2724 derelinquit
807 2681 912 2713 inodo
943 2680 974 2713 (ι’
1058 2686 1062 2693 ’
1091 2681 1135 2713 23
1163 2682 1279 2719 nocet,
1308 2691 1350 2712 m.
1380 2683 1417 2712 ut
1443 2678 1519 2711 uid.
1549 2681 1564 2710 1
1591 2688 1681 2711 corr.

159 2739 287 2770 nocent
312 2736 346 2770 L
467 2739 664 2781 tamquam}
692 2745 765 2772 tam
797 2740 829 2772 (ι’
952 2740 996 2773 24
1023 2738 1186 2777 insultat,
1213 2750 1256 2773 m.
1288 2741 1302 2771 1
1328 2749 1418 2771 corr.
1446 2737 1623 2770 insultant
1655 2737 1681 2769 Ι,

207 2794 456 2840 deren-queris
485 2797 578 2835 (fuit
606 2799 642 2835 n)
671 2796 702 2831 R
730 2797 990 2842 derelinqueris
1019 2807 1054 2830 (n
1080 2808 1124 2831 m.
1153 2799 1178 2830 2
1204 2797 1285 2831 del.)
1317 2796 1349 2828 (τ’
