1924 3122
0 1515 7 1668 -N-fmnwr-

22 791 90 835 VII
111 792 164 834 14

731 170 1084 216 epistularum
1120 170 1256 206 CXXX.
1703 175 1756 214 55

229 304 370 343 autem
398 313 533 354 usque
560 299 611 341 ad
637 299 846 350 inimicos,
873 312 946 353 pro
976 300 1130 353 quibus
1164 300 1290 342 etiam
1319 312 1434 342 orare
1462 300 1756 354 praecipimur.

229 372 288 413 ita
320 383 439 413 nemo
473 373 539 413 est
570 370 610 411 in
645 383 794 425 genere
822 370 1018 420 humano,
1046 371 1113 412 cui
1140 383 1220 412 non
1254 370 1423 412 dilectio
1458 371 1539 413 etsi
1571 385 1651 414 non
1685 385 1757 425 pro

229 447 378 484 mutua
427 442 598 484 caritate
644 454 716 495 pro
760 442 854 495 ipsa
897 443 1036 483 tamen
1077 442 1313 483 communis
1346 445 1517 484 naturae
1557 442 1759 484 societate

229 514 441 555 debeatur.
486 513 559 555 sed
604 513 645 554 hi
684 525 759 554 nos
803 513 987 554 multum
1032 513 1227 565 iusteque
1272 513 1493 565 delectant,
1538 526 1561 554 a
1605 514 1759 567 quibus

187 597 202 621 5
230 585 420 626 uicissim
466 587 608 626 sancte
653 586 852 637 casteque
903 583 1132 638 diligimur.
1189 584 1273 626 ista
1311 596 1404 626 cum
1447 584 1666 637 habentur,
1712 588 1759 626 ut

170 959 202 984 10

170 1315 201 1340 15

227 658 459 707 teneantur,
511 668 605 697 cum
657 658 799 697 autem
850 668 931 697 non
985 655 1204 704 habentur,
1256 658 1304 697 ut
1354 655 1598 706 habeantur,
1645 669 1759 698 oran-

228 727 328 769 dum
363 730 441 769 est.

286 798 447 840 Hocine
490 801 629 840 totum
674 801 716 840 et
758 798 861 840 haec
905 800 1005 839 sunt
1048 798 1201 849 omnia,
1247 798 1401 852 quibus
1447 798 1593 839 beatae
1643 798 1757 839 uitae

226 883 394 912 summa
431 869 675 924 colligitur?
720 882 769 911 an
808 869 968 923 aliquid
1006 869 1120 910 aliud
1157 870 1315 911 ueritas
1361 869 1496 919 docet,
1535 869 1648 923 quod
1692 869 1757 911 his

227 941 422 984 omnibus
448 941 732 995 praeferatur?
759 954 853 982 nam
881 943 923 982 et
948 941 1021 982 illa
1041 940 1295 983 sufficientia
1316 942 1357 982 et
1376 941 1465 995 ipsa
1487 940 1757 983 incolumitas

226 1013 297 1054 uel
346 1013 512 1067 propria
561 1013 631 1054 uel
681 1012 912 1054 amicorum
964 1025 1088 1066 quam
1142 1012 1212 1054 diu
1262 1012 1506 1067 temporalis
1556 1015 1634 1062 est,
1685 1026 1758 1066 pro

227 1087 419 1126 aeternae
462 1084 576 1126 uitae
621 1083 840 1138 adeptione
885 1083 1102 1125 abicienda
1153 1086 1230 1133 est,
1276 1097 1531 1138 quamquam
1583 1084 1761 1126 fortasse

227 1168 379 1209 corpus
419 1156 582 1197 animus
620 1168 719 1197 uero
759 1155 875 1197 nullo
914 1155 1038 1197 modo
1082 1167 1208 1197 sanus
1242 1155 1542 1197 existimandus
1576 1157 1653 1205 est,
1688 1155 1759 1208 qui

228 1240 307 1269 non
346 1226 651 1280 temporalibus
691 1227 859 1268 aeterna
902 1226 1133 1280 praeponit.
1178 1239 1312 1280 neque
1358 1226 1469 1267 enim
1513 1226 1676 1268 utiliter
1719 1226 1759 1268 in

226 1300 414 1351 tempore
446 1297 608 1339 uiuitur
639 1297 721 1339 nisi
753 1297 805 1338 ad
838 1297 1164 1351 comparandum
1199 1297 1410 1347 meritum,
1439 1309 1520 1351 quo
1554 1296 1594 1338 in
1629 1299 1760 1338 aeter-

227 1370 357 1411 nitate
394 1370 575 1411 uiuatur.
620 1369 671 1411 ad
708 1370 824 1411 illam
866 1382 964 1424 ergo
1003 1382 1130 1410 unam
1170 1369 1317 1417 uitam,
1352 1382 1434 1422 qua
1472 1381 1568 1410 cum
1609 1368 1684 1410 deo
1719 1370 1761 1409 et

226 1442 278 1483 de
311 1441 387 1483 deo
420 1441 595 1491 uiuitur,
623 1443 772 1490 cetera,
802 1453 908 1494 quae
940 1440 1104 1482 utiliter
1135 1442 1177 1482 et
1208 1440 1403 1482 decenter
1434 1442 1644 1493 optantur,
1671 1439 1759 1481 sine

227 1512 354 1554 dubio
387 1512 602 1554 referenda
628 1514 739 1553 sunt.
773 1512 812 1553 in
847 1524 894 1553 eo
929 1512 1082 1566 quippe
1116 1514 1282 1553 nosmet
1313 1512 1428 1564 ipsos
1463 1511 1696 1565 diligimus,
1725 1511 1761 1551 si

225 1583 351 1625 deum
386 1584 616 1638 diligimus,
651 1586 692 1624 et
724 1596 771 1624 ex
811 1583 892 1624 alio
933 1586 1154 1637 praecepto
1194 1583 1403 1637 proximos
1444 1585 1609 1624 nostros
1650 1581 1761 1623 sicut

278 1769 294 1803 1
325 1769 501 1814 precimur
531 1767 561 1802 0
586 1768 806 1813 praecipitur
831 1766 881 1802 Ρ2
954 1768 974 1802 2
1002 1767 1119 1802 mv'etsi
1145 1767 1290 1812 (parua
1317 1769 1404 1810 ras.)
1430 1767 1481 1801 Ρ2
1571 1768 1593 1801 4
1619 1767 1670 1801 hii
1698 1779 1760 1801 nos

228 1828 335 1863 HIV
358 1829 438 1872 (alt.
465 1829 475 1862 i
503 1830 610 1871 eras.)
643 1828 696 1862 hii
727 1827 830 1862 nobis
862 1827 892 1863 O
924 1828 961 1862 in
993 1839 1058 1862 nos
1091 1828 1125 1861 Α
1156 1839 1255 1864 *mos
1288 1828 1415 1871 (fecisse
1439 1827 1516 1862 uid.
1545 1828 1580 1861 in
1605 1827 1685 1870 hos)
1712 1826 1763 1861 12²

228 1888 317 1923 haec
349 1899 413 1922 nos
440 1887 473 1921 L
505 1899 569 1921 nos
604 1890 686 1930 (om.
719 1887 772 1930 hi)
808 1886 838 1921 C
868 1887 893 1921 ii
925 1898 990 1921 nos
1009 1887 1139 1931 flrm
1308 1887 1527 1932 iustumque,
1554 1898 1598 1921 m.
1626 1889 1644 1920 1
1669 1897 1760 1921 corr.

228 1947 396 1992 iusteque
423 1947 448 1981 I
543 1945 761 1980 dilectantur
791 1945 821 1979 0
895 1957 915 1979 a.
942 1957 1022 1989 om.‚
1040 1957 1085 1980 m.
1107 1948 1126 1979 1
1152 1945 1239 1980 add.
1267 1946 1293 1980 Ι
1363 1946 1384 1979 5
1410 1945 1463 1980 ita
1487 1944 1541 1980 P2
1614 1945 1634 1980 6
1660 1947 1761 1979 teue-

229 2007 350 2051 antur]
379 2017 423 2040 ne
448 2005 652 2040 habeantur
675 2004 726 2040 Ρ2
816 2005 837 2040 8
863 2005 976 2040 hocne
1004 2004 1317 2040 HPOP¹IVMF
1338 2005 1464 2040 hocsslm'
1491 2004 1535 2039 K
1555 2004 1705 2040 hoccine
1735 2005 1765 2039 C

228 2066 310 2100 edd.
338 2066 403 2100 hoc
430 2066 465 2100 in
494 2076 534 2100 eo
555 2065 605 2099 P2
630 2068 688 2109 (m.
717 2067 742 2099 2
766 2065 931 2108 hoccine)
951 2064 986 2099 L
1059 2065 1157 2099 uitae
1183 2076 1320 2099 summe
1340 2064 1374 2099 L
1400 2076 1538 2099 summa
1564 2066 1662 2100 uitae
1682 2065 1761 2099 edd.

228 2125 251 2160 9
278 2124 376 2160 aliud
402 2124 538 2170 aliquid
559 2124 791 2159 HPKP¹IV
856 2124 899 2159 10
925 2124 1086 2169 pferatur
1111 2124 1145 2158 V
1167 2124 1354 2166 referatur,
1380 2135 1424 2161 m.
1446 2127 1472 2159 2
1497 2124 1696 2169 preferatur
1715 2124 1763 2158 P2‘

277 2183 367 2229 ipsa]
395 2184 466 2218 ista
492 2183 681 2218 HPP¹IV
773 2184 813 2217 11
844 2183 902 2218 uel
929 2184 1086 2229 propria]
1113 2184 1259 2229 propria
1285 2183 1318 2218 L
1416 2187 1562 2229 propter
1587 2195 1761 2229 supernae

231 2243 328 2278 uitae
361 2243 554 2288 adeptione
586 2242 636 2277 P²
735 2243 778 2277 12
805 2242 999 2288 adoptione
1032 2242 1222 2278 obicienda
1252 2242 1287 2277 L
1398 2243 1440 2278 13
1474 2254 1581 2278 sanus
1614 2253 1680 2277 om.
1715 2243 1763 2276 P*

279 2301 501 2336 estimandus
527 2301 576 2336 Ρ1
644 2301 688 2336 14
715 2304 878 2336 aeterna.
899 2301 946 2336 M
1015 2301 1186 2347 proponit
1218 2302 1251 2336 V
1322 2303 1417 2337 inter
1443 2302 1537 2337 enim
1565 2306 1597 2336 et
1623 2302 1764 2336 utiliter

230 2362 271 2396 in
291 2362 455 2406 paqinae
482 2362 588 2395 initio
614 2372 706 2397 uere.
735 2372 827 2396 eras.
854 2361 897 2395 K
991 2362 1027 2395 in
1052 2363 1215 2407 tempore
1241 2361 1383 2396 utiliter
1407 2361 1487 2396 edd.
1576 2362 1618 2395 15
1645 2361 1759 2395 nisi—

232 2422 377 2456 uiuatur
402 2432 468 2455 om.
496 2420 539 2454 K
633 2420 919 2466 comparandam,
945 2432 991 2456 m.
1016 2424 1035 2455 1
1061 2431 1151 2456 corr.
1179 2421 1455 2466 comparandum
1483 2421 1510 2455 I
1590 2424 1761 2461 mentum,

230 2493 276 2516 m.
305 2483 330 2515 2
354 2481 521 2515 meritum
547 2479 598 2514 Ρ2
717 2480 754 2514 in
781 2491 847 2515 om.
875 2480 909 2515 L
1033 2481 1075 2515 16
1103 2491 1194 2525 quae
1221 2481 1247 2515 I
1270 2485 1339 2525 qua
1365 2480 1451 2514 P¹C
1475 2483 1533 2522 (Ν
1562 2491 1605 2514 m.
1634 2482 1651 2513 1
1677 2479 1760 2520 del.)

232 2550 303 2585 quo
333 2539 363 2575 O
460 2542 496 2574 et
522 2538 565 2573 de
592 2538 658 2573 deo
685 2550 753 2574 om.
780 2538 832 2573 1³²
906 2540 947 2574 17
976 2539 1019 2574 de
1046 2550 1126 2582 om„
1152 2547 1201 2573 m:
1226 2543 1244 2573 1
1273 2539 1358 2574 add.
1391 2539 1420 2573 C
1515 2542 1702 2583 ceteraque
1724 2538 1766 2571 K

234 2602 294 2641 (m.
322 2602 348 2633 2
373 2600 578 2646 ceteraquc'g)
604 2598 689 2633 ΜΡ
782 2601 819 2633 et
844 2610 911 2634 om.
938 2598 1056 2649 MRA
1139 2599 1181 2633 13
1209 2598 1392 2643 diligimus
1419 2598 1639 2632 si—nosmet
1665 2598 1761 2642 ipsos

233 2669 301 2693 om.
327 2659 362 2692 A
459 2659 489 2693 si
521 2657 625 2692 deum
658 2657 842 2703 diligimus
873 2669 940 2692 om.
972 2657 1207 2692 HPKP¹IV
1236 2661 1277 2701 (s.
1310 2669 1344 2692 u.
1380 2669 1423 2692 m.
1458 2660 1482 2691 2
1515 2657 1615 2699 add.)
1649 2656 1684 2690 1²
1708 2657 1761 2698 (in

232 2717 302 2761 inf.
328 2728 442 2763 marg).
471 2729 513 2751 m.
542 2721 560 2751 1
586 2717 687 2759 add.)
714 2716 818 2751 deum
845 2717 875 2751 ei
902 2717 1095 2761 diligamus
1115 2716 1148 2751 L
1249 2717 1290 2751 19
1318 2719 1353 2750 et
1380 2727 1418 2750 ex
1447 2716 1649 2749 alio—uere
1678 2714 1760 2750 dili-

233 2777 351 2821 gimus
378 2787 444 2811 om.
472 2776 518 2811 M
