<?xml version="1.0" encoding="UTF-8"?>
<!DOCTYPE html PUBLIC "-//W3C//DTD XHTML 1.0 Transitional//EN"
    "http://www.w3.org/TR/xhtml1/DTD/xhtml1-transitional.dtd">
<html xmlns="http://www.w3.org/1999/xhtml" xml:lang="en" lang="en">
 <head>
  <title>
</title>
<meta http-equiv="Content-Type" content="text/html;charset=utf-8" />
  <meta name='ocr-system' content='tesseract 3.04.00' />
  <meta name='ocr-capabilities' content='ocr_page ocr_carea ocr_par ocr_line ocrx_word'/>
</head>
<body>
  <div class='ocr_page' id='page_1' title='image "./corpusscriptorum44auguuoft_0567.png"; bbox 0 0 1952 3118; ppageno 0'>
   <div class='ocr_carea' id='block_1_1' title="bbox 46 1021 79 1047">
    <p class='ocr_par' dir='ltr' id='par_1_1' title="bbox 46 1021 79 1047">
     <span class='ocr_line' id='line_1_1' title="bbox 46 1021 79 1047; baseline -0.03 0"><span class='ocrx_word' id='word_1_1' title='bbox 46 1021 79 1047; x_wconf 85' lang='lat'>10</span> 
     </span>
    </p>
   </div>
   <div class='ocr_carea' id='block_1_2' title="bbox 598 239 1632 285">
    <p class='ocr_par' dir='ltr' id='par_1_2' title="bbox 598 239 1632 285">
     <span class='ocr_line' id='line_1_2' title="bbox 598 239 1632 285; baseline 0.007 -13"><span class='ocrx_word' id='word_1_2' title='bbox 598 239 946 284; x_wconf 77' lang='lat' dir='ltr'>epistularum</span> <span class='ocrx_word' id='word_1_3' title='bbox 986 239 1139 275; x_wconf 89' lang='lat' dir='ltr'>CLXVI.</span> <span class='ocrx_word' id='word_1_4' title='bbox 1546 246 1632 285; x_wconf 81' lang='lat'>555</span> 
     </span>
    </p>
   </div>
   <div class='ocr_carea' id='block_1_3' title="bbox 101 368 1634 1274">
    <p class='ocr_par' dir='ltr' id='par_1_3' title="bbox 101 368 1634 1134">
     <span class='ocr_line' id='line_1_3' title="bbox 106 368 1630 422; baseline 0.003 -14"><span class='ocrx_word' id='word_1_5' title='bbox 106 368 355 409; x_wconf 88' lang='lat' dir='ltr'>sententiam</span> <span class='ocrx_word' id='word_1_6' title='bbox 393 370 510 409; x_wconf 89' lang='lat' dir='ltr'>tuam</span> <span class='ocrx_word' id='word_1_7' title='bbox 550 368 837 410; x_wconf 81' lang='lat' dir='ltr'>concinentem</span> <span class='ocrx_word' id='word_1_8' title='bbox 884 370 1116 411; x_wconf 84' lang='lat' dir='ltr'>catholicae</span> <span class='ocrx_word' id='word_1_9' title='bbox 1162 371 1482 413; x_wconf 84' lang='lat' dir='ltr'>fundatissimae</span> <span class='ocrx_word' id='word_1_10' title='bbox 1521 372 1630 422; x_wconf 79' lang='lat' dir='ltr'>fidei,</span> 
     </span>
     <span class='ocr_line' id='line_1_4' title="bbox 105 438 1630 495; baseline 0.004 -17"><span class='ocrx_word' id='word_1_11' title='bbox 105 450 186 492; x_wconf 90' lang='lat' dir='ltr'>qua</span> <span class='ocrx_word' id='word_1_12' title='bbox 212 441 253 479; x_wconf 83' lang='lat' dir='ltr'>et</span> <span class='ocrx_word' id='word_1_13' title='bbox 279 438 483 480; x_wconf 89' lang='lat' dir='ltr'>Iouiniani</span> <span class='ocrx_word' id='word_1_14' title='bbox 516 439 757 492; x_wconf 87' lang='lat' dir='ltr'>uaniloquia</span> <span class='ocrx_word' id='word_1_15' title='bbox 790 440 1044 495; x_wconf 82' lang='lat' dir='ltr'>redarguens</span> <span class='ocrx_word' id='word_1_16' title='bbox 1077 441 1309 483; x_wconf 81' lang='lat' dir='ltr'>adhibuisti</span> <span class='ocrx_word' id='word_1_17' title='bbox 1342 442 1630 484; x_wconf 88' lang='lat' dir='ltr'>testimonium</span> 
     </span>
     <span class='ocr_line' id='line_1_5' title="bbox 106 508 1631 565; baseline 0.003 -15"><span class='ocrx_word' id='word_1_18' title='bbox 106 521 152 550; x_wconf 83' lang='lat' dir='ltr'>ex</span> <span class='ocrx_word' id='word_1_19' title='bbox 176 508 282 550; x_wconf 85' lang='lat' dir='ltr'>libro</span> <span class='ocrx_word' id='word_1_20' title='bbox 310 509 406 551; x_wconf 95' lang='lat' dir='ltr'>Iob:</span> <span class='ocrx_word' id='word_1_21' title='bbox 434 509 584 551; x_wconf 90' lang='lat' dir='ltr'>Nemo</span> <span class='ocrx_word' id='word_1_22' title='bbox 611 510 823 551; x_wconf 89' lang='lat' dir='ltr'>mundus</span> <span class='ocrx_word' id='word_1_23' title='bbox 851 511 896 552; x_wconf 90' lang='lat' dir='ltr'>in</span> <span class='ocrx_word' id='word_1_24' title='bbox 926 514 1199 565; x_wconf 87' lang='lat' dir='ltr'>conspectu</span> <span class='ocrx_word' id='word_1_25' title='bbox 1227 515 1312 554; x_wconf 90' lang='lat' dir='ltr'>tuo</span> <span class='ocrx_word' id='word_1_26' title='bbox 1340 525 1426 554; x_wconf 91' lang='lat' dir='ltr'>nec</span> <span class='ocrx_word' id='word_1_27' title='bbox 1453 513 1631 562; x_wconf 86' lang='lat' dir='ltr'>infans,</span> 
     </span>
     <span class='ocr_line' id='line_1_6' title="bbox 105 579 1633 635; baseline 0.004 -15"><span class='ocrx_word' id='word_1_28' title='bbox 105 579 250 621; x_wconf 90' lang='lat' dir='ltr'>cuius</span> <span class='ocrx_word' id='word_1_29' title='bbox 289 584 365 622; x_wconf 88' lang='lat' dir='ltr'>est</span> <span class='ocrx_word' id='word_1_30' title='bbox 404 580 501 621; x_wconf 92' lang='lat' dir='ltr'>diei</span> <span class='ocrx_word' id='word_1_31' title='bbox 540 581 688 622; x_wconf 91' lang='lat' dir='ltr'>unius</span> <span class='ocrx_word' id='word_1_32' title='bbox 726 581 833 622; x_wconf 88' lang='lat' dir='ltr'>uita</span> <span class='ocrx_word' id='word_1_33' title='bbox 873 595 1022 635; x_wconf 92' lang='lat' dir='ltr'>super</span> <span class='ocrx_word' id='word_1_34' title='bbox 1059 585 1255 633; x_wconf 83' lang='lat' dir='ltr'>terram,</span> <span class='ocrx_word' id='word_1_35' title='bbox 1300 584 1449 626; x_wconf 90' lang='lat' dir='ltr'>deinde</span> <span class='ocrx_word' id='word_1_36' title='bbox 1488 584 1633 626; x_wconf 90' lang='lat' dir='ltr'>adiun-</span> 
     </span>
     <span class='ocr_line' id='line_1_7' title="bbox 105 651 1631 707; baseline 0.002 -14"><span class='ocrx_word' id='word_1_37' title='bbox 105 651 220 693; x_wconf 86' lang='lat' dir='ltr'>xisti:</span> <span class='ocrx_word' id='word_1_38' title='bbox 256 651 562 705; x_wconf 87' lang='lat' dir='ltr'>‘Tenemurque</span> <span class='ocrx_word' id='word_1_39' title='bbox 588 652 646 693; x_wconf 87' lang='lat' dir='ltr'>rei</span> <span class='ocrx_word' id='word_1_40' title='bbox 673 652 718 693; x_wconf 92' lang='lat' dir='ltr'>in</span> <span class='ocrx_word' id='word_1_41' title='bbox 754 652 1144 695; x_wconf 85' lang='lat' dir='ltr'>similitudinem</span> <span class='ocrx_word' id='word_1_42' title='bbox 1176 655 1631 707; x_wconf 87' lang='lat' dir='ltr'>praeuaricationis</span> 
     </span>
     <span class='ocr_line' id='line_1_8' title="bbox 105 722 1634 781; baseline 0.001 -16"><span class='ocrx_word' id='word_1_43' title='bbox 105 722 263 771; x_wconf 54' lang='lat' dir='ltr'>Adaez</span> <span class='ocrx_word' id='word_1_44' title='bbox 297 725 339 763; x_wconf 91' lang='lat' dir='ltr'>et</span> <span class='ocrx_word' id='word_1_45' title='bbox 368 722 475 763; x_wconf 88' lang='lat' dir='ltr'>liber</span> <span class='ocrx_word' id='word_1_46' title='bbox 505 725 604 764; x_wconf 88' lang='lat' dir='ltr'>tuus</span> <span class='ocrx_word' id='word_1_47' title='bbox 631 723 670 764; x_wconf 92' lang='lat' dir='ltr'>in</span> <span class='ocrx_word' id='word_1_48' title='bbox 705 723 848 765; x_wconf 87' lang='lat' dir='ltr'>Ionam</span> <span class='ocrx_word' id='word_1_49' title='bbox 882 725 1128 778; x_wconf 81' lang='lat' dir='ltr'>prophetam</span> <span class='ocrx_word' id='word_1_50' title='bbox 1164 726 1267 766; x_wconf 87' lang='lat' dir='ltr'>satis</span> <span class='ocrx_word' id='word_1_51' title='bbox 1301 726 1380 767; x_wconf 91' lang='lat' dir='ltr'>hoc</span> <span class='ocrx_word' id='word_1_52' title='bbox 1411 726 1634 781; x_wconf 86' lang='lat' dir='ltr'>insigniter</span> 
     </span>
     <span class='ocr_line' id='line_1_9' title="bbox 104 793 1632 850; baseline 0.003 -16"><span class='ocrx_word' id='word_1_53' title='bbox 104 793 370 846; x_wconf 82' lang='lat' dir='ltr'>dilucideque</span> <span class='ocrx_word' id='word_1_54' title='bbox 423 793 619 845; x_wconf 82' lang='lat' dir='ltr'>declarat,</span> <span class='ocrx_word' id='word_1_55' title='bbox 670 794 741 835; x_wconf 91' lang='lat' dir='ltr'>ubi</span> <span class='ocrx_word' id='word_1_56' title='bbox 786 795 970 836; x_wconf 86' lang='lat' dir='ltr'>ieiunare</span> <span class='ocrx_word' id='word_1_57' title='bbox 1021 796 1221 849; x_wconf 88' lang='lat' dir='ltr'>paruulos</span> <span class='ocrx_word' id='word_1_58' title='bbox 1273 798 1443 850; x_wconf 87' lang='lat' dir='ltr'>propter</span> <span class='ocrx_word' id='word_1_59' title='bbox 1491 797 1632 850; x_wconf 89' lang='lat' dir='ltr'>ipsum</span> 
     </span>
     <span class='ocr_line' id='line_1_10' title="bbox 103 864 1631 919; baseline 0.002 -14"><span class='ocrx_word' id='word_1_60' title='bbox 103 864 305 919; x_wconf 88' lang='lat' dir='ltr'>originale</span> <span class='ocrx_word' id='word_1_61' title='bbox 349 867 569 918; x_wconf 86' lang='lat' dir='ltr'>peccatum</span> <span class='ocrx_word' id='word_1_62' title='bbox 615 865 764 906; x_wconf 89' lang='lat' dir='ltr'>merito</span> <span class='ocrx_word' id='word_1_63' title='bbox 810 869 980 908; x_wconf 87' lang='lat' dir='ltr'>coactos</span> <span class='ocrx_word' id='word_1_64' title='bbox 1025 879 1119 908; x_wconf 90' lang='lat' dir='ltr'>esse</span> <span class='ocrx_word' id='word_1_65' title='bbox 1164 866 1319 915; x_wconf 72' lang='lat' dir='ltr'>dixisti,</span> <span class='ocrx_word' id='word_1_66' title='bbox 1370 880 1449 909; x_wconf 90' lang='lat' dir='ltr'>non</span> <span class='ocrx_word' id='word_1_67' title='bbox 1494 867 1631 908; x_wconf 90' lang='lat' dir='ltr'>incon-</span> 
     </span>
     <span class='ocr_line' id='line_1_11' title="bbox 101 936 1632 990; baseline 0 -12"><span class='ocrx_word' id='word_1_68' title='bbox 101 937 319 979; x_wconf 84' lang='lat' dir='ltr'>uenienter</span> <span class='ocrx_word' id='word_1_69' title='bbox 349 936 422 976; x_wconf 88' lang='lat' dir='ltr'>abs</span> <span class='ocrx_word' id='word_1_70' title='bbox 461 938 503 977; x_wconf 90' lang='lat' dir='ltr'>te</span> <span class='ocrx_word' id='word_1_71' title='bbox 537 949 702 990; x_wconf 77' lang='lat' dir='ltr'>quaem,</span> <span class='ocrx_word' id='word_1_72' title='bbox 742 937 852 979; x_wconf 90' lang='lat' dir='ltr'>hunc</span> <span class='ocrx_word' id='word_1_73' title='bbox 885 940 1048 979; x_wconf 86' lang='lat' dir='ltr'>reatum</span> <span class='ocrx_word' id='word_1_74' title='bbox 1081 938 1218 979; x_wconf 87' lang='lat' dir='ltr'>anima</span> <span class='ocrx_word' id='word_1_75' title='bbox 1256 938 1327 979; x_wconf 90' lang='lat' dir='ltr'>ubi</span> <span class='ocrx_word' id='word_1_76' title='bbox 1367 937 1632 985; x_wconf 71' lang='lat' dir='ltr'>contraxerit,</span> 
     </span>
     <span class='ocr_line' id='line_1_12' title="bbox 103 1007 1633 1063; baseline -0.001 -13"><span class='ocrx_word' id='word_1_77' title='bbox 103 1007 211 1050; x_wconf 91' lang='lat' dir='ltr'>unde</span> <span class='ocrx_word' id='word_1_78' title='bbox 263 1011 454 1061; x_wconf 86' lang='lat' dir='ltr'>oporteat</span> <span class='ocrx_word' id='word_1_79' title='bbox 504 1021 594 1049; x_wconf 89' lang='lat' dir='ltr'>eam</span> <span class='ocrx_word' id='word_1_80' title='bbox 646 1008 772 1049; x_wconf 89' lang='lat' dir='ltr'>etiam</span> <span class='ocrx_word' id='word_1_81' title='bbox 817 1008 857 1049; x_wconf 91' lang='lat' dir='ltr'>in</span> <span class='ocrx_word' id='word_1_82' title='bbox 903 1008 974 1049; x_wconf 89' lang='lat' dir='ltr'>illa</span> <span class='ocrx_word' id='word_1_83' title='bbox 1019 1011 1157 1050; x_wconf 89' lang='lat' dir='ltr'>aetate</span> <span class='ocrx_word' id='word_1_84' title='bbox 1202 1022 1275 1063; x_wconf 85' lang='lat' dir='ltr'>per</span> <span class='ocrx_word' id='word_1_85' title='bbox 1325 1012 1633 1050; x_wconf 81' lang='lat' dir='ltr'>sacramentum</span> 
     </span>
     <span class='ocr_line' id='line_1_13' title="bbox 105 1079 768 1134; baseline -0.003 -13"><span class='ocrx_word' id='word_1_86' title='bbox 105 1079 366 1121; x_wconf 86' lang='lat' dir='ltr'>Christianae</span> <span class='ocrx_word' id='word_1_87' title='bbox 399 1080 557 1134; x_wconf 83' lang='lat' dir='ltr'>gratiae</span> <span class='ocrx_word' id='word_1_88' title='bbox 589 1079 768 1120; x_wconf 86' lang='lat' dir='ltr'>liberari.</span> 
     </span>
    </p>

    <p class='ocr_par' dir='ltr' id='par_1_4' title="bbox 103 1150 1634 1274">
     <span class='ocr_line' id='line_1_14' title="bbox 162 1150 1633 1205; baseline 0 -14"><span class='ocrx_word' id='word_1_89' title='bbox 162 1150 250 1205; x_wconf 87' lang='lat' dir='ltr'>Ego</span> <span class='ocrx_word' id='word_1_90' title='bbox 290 1150 458 1203; x_wconf 91' lang='lat' dir='ltr'>quidem</span> <span class='ocrx_word' id='word_1_91' title='bbox 497 1152 590 1191; x_wconf 87' lang='lat' dir='ltr'>ante</span> <span class='ocrx_word' id='word_1_92' title='bbox 629 1150 794 1203; x_wconf 88' lang='lat' dir='ltr'>aliquot</span> <span class='ocrx_word' id='word_1_93' title='bbox 826 1162 968 1199; x_wconf 73' lang='lat' dir='ltr'>annos,</span> <span class='ocrx_word' id='word_1_94' title='bbox 1002 1163 1096 1191; x_wconf 88' lang='lat' dir='ltr'>cum</span> <span class='ocrx_word' id='word_1_95' title='bbox 1130 1151 1260 1192; x_wconf 90' lang='lat' dir='ltr'>libros</span> <span class='ocrx_word' id='word_1_96' title='bbox 1295 1150 1499 1204; x_wconf 87' lang='lat' dir='ltr'>quosdam</span> <span class='ocrx_word' id='word_1_97' title='bbox 1534 1150 1633 1191; x_wconf 79' lang='lat' dir='ltr'>scri-</span> 
     </span>
     <span class='ocr_line' id='line_1_15' title="bbox 103 1221 1634 1274; baseline -0.001 -12"><span class='ocrx_word' id='word_1_98' title='bbox 103 1221 242 1263; x_wconf 89' lang='lat' dir='ltr'>berem</span> <span class='ocrx_word' id='word_1_99' title='bbox 276 1221 325 1262; x_wconf 92' lang='lat' dir='ltr'>de</span> <span class='ocrx_word' id='word_1_100' title='bbox 357 1221 488 1263; x_wconf 90' lang='lat' dir='ltr'>libero</span> <span class='ocrx_word' id='word_1_101' title='bbox 522 1221 707 1269; x_wconf 68' lang='lat' dir='ltr'>arbitrio,</span> <span class='ocrx_word' id='word_1_102' title='bbox 748 1221 819 1274; x_wconf 93' lang='lat' dir='ltr'>qui</span> <span class='ocrx_word' id='word_1_103' title='bbox 852 1221 891 1262; x_wconf 90' lang='lat' dir='ltr'>in</span> <span class='ocrx_word' id='word_1_104' title='bbox 926 1221 1157 1263; x_wconf 85' lang='lat' dir='ltr'>multorum</span> <span class='ocrx_word' id='word_1_105' title='bbox 1190 1234 1338 1263; x_wconf 88' lang='lat' dir='ltr'>manus</span> <span class='ocrx_word' id='word_1_106' title='bbox 1373 1221 1561 1262; x_wconf 80' lang='lat' dir='ltr'>exierunt</span> <span class='ocrx_word' id='word_1_107' title='bbox 1593 1223 1634 1261; x_wconf 84' lang='lat' dir='ltr'>et</span> 
     </span>
    </p>
   </div>
   <div class='ocr_carea' id='block_1_4' title="bbox 102 1393 1634 1611">
    <p class='ocr_par' dir='ltr' id='par_1_5' title="bbox 102 1393 1634 1611">
     <span class='ocr_line' id='line_1_16' title="bbox 221 1393 1634 1439; baseline 0.001 -11"><span class='ocrx_word' id='word_1_108' title='bbox 221 1395 242 1428; x_wconf 83' lang='lat'>2</span> <span class='ocrx_word' id='word_1_109' title='bbox 270 1394 414 1428; x_wconf 86' lang='lat' dir='ltr'>Hieron.</span> <span class='ocrx_word' id='word_1_110' title='bbox 437 1393 519 1428; x_wconf 88' lang='lat' dir='ltr'>adu.</span> <span class='ocrx_word' id='word_1_111' title='bbox 539 1394 653 1428; x_wconf 92' lang='lat' dir='ltr'>Iouin.</span> <span class='ocrx_word' id='word_1_112' title='bbox 675 1394 710 1428; x_wconf 88' lang='grc' dir='ltr'>ΙΙ</span> <span class='ocrx_word' id='word_1_113' title='bbox 731 1395 752 1428; x_wconf 83' lang='grc'>2</span> <span class='ocrx_word' id='word_1_114' title='bbox 773 1394 909 1438; x_wconf 83' lang='lat' dir='ltr'>(Migne</span> <span class='ocrx_word' id='word_1_115' title='bbox 937 1394 1065 1439; x_wconf 85' lang='lat' dir='ltr'>patrol.</span> <span class='ocrx_word' id='word_1_116' title='bbox 1086 1394 1150 1428; x_wconf 88' lang='lat' dir='ltr'>lat.</span> <span class='ocrx_word' id='word_1_117' title='bbox 1172 1394 1294 1428; x_wconf 84' lang='lat' dir='ltr'>XXIII</span> <span class='ocrx_word' id='word_1_118' title='bbox 1316 1406 1348 1439; x_wconf 86' lang='lat' dir='ltr'>p.</span> <span class='ocrx_word' id='word_1_119' title='bbox 1371 1393 1451 1434; x_wconf 78' lang='lat'>284,</span> <span class='ocrx_word' id='word_1_120' title='bbox 1481 1395 1634 1439; x_wconf 84' lang='lat'>17—21)</span> 
     </span>
     <span class='ocr_line' id='line_1_17' title="bbox 103 1453 1632 1498; baseline -0.001 -9"><span class='ocrx_word' id='word_1_121' title='bbox 103 1454 124 1489; x_wconf 87' lang='lat'><strong>3</strong></span> <span class='ocrx_word' id='word_1_122' title='bbox 150 1454 213 1488; x_wconf 92' lang='lat' dir='ltr'>Iob</span> <span class='ocrx_word' id='word_1_123' title='bbox 243 1454 297 1489; x_wconf 88' lang='lat'>14.</span> <span class='ocrx_word' id='word_1_124' title='bbox 325 1455 417 1489; x_wconf 85' lang='lat'>4—5</span> <span class='ocrx_word' id='word_1_125' title='bbox 446 1465 514 1488; x_wconf 91' lang='lat' dir='ltr'>sec.</span> <span class='ocrx_word' id='word_1_126' title='bbox 542 1454 714 1498; x_wconf 88' lang='lat' dir='ltr'>Septuag.</span> <span class='ocrx_word' id='word_1_127' title='bbox 790 1454 811 1487; x_wconf 84' lang='lat'>5</span> <span class='ocrx_word' id='word_1_128' title='bbox 836 1453 938 1487; x_wconf 84' lang='lat' dir='ltr'>Rom.</span> <span class='ocrx_word' id='word_1_129' title='bbox 966 1454 998 1489; x_wconf 85' lang='lat'>5.</span> <span class='ocrx_word' id='word_1_130' title='bbox 1029 1454 1072 1487; x_wconf 88' lang='lat'>14</span> <span class='ocrx_word' id='word_1_131' title='bbox 1159 1454 1179 1487; x_wconf 88' lang='grc'><strong>6</strong></span> <span class='ocrx_word' id='word_1_132' title='bbox 1206 1454 1352 1488; x_wconf 87' lang='lat' dir='ltr'>Hieron.</span> <span class='ocrx_word' id='word_1_133' title='bbox 1380 1457 1570 1488; x_wconf 86' lang='lat' dir='ltr'>comment.</span> <span class='ocrx_word' id='word_1_134' title='bbox 1596 1454 1632 1488; x_wconf 90' lang='lat' dir='ltr'>in</span> 
     </span>
     <span class='ocr_line' id='line_1_18' title="bbox 102 1511 1634 1558; baseline -0.001 -11"><span class='ocrx_word' id='word_1_135' title='bbox 102 1512 227 1547; x_wconf 91' lang='lat' dir='ltr'>Ionam</span> <span class='ocrx_word' id='word_1_136' title='bbox 253 1524 281 1547; x_wconf 88' lang='lat' dir='ltr'>c.</span> <span class='ocrx_word' id='word_1_137' title='bbox 309 1513 329 1547; x_wconf 89' lang='lat'><strong>3</strong></span> <span class='ocrx_word' id='word_1_138' title='bbox 358 1524 391 1549; x_wconf 89' lang='lat' dir='ltr'>u.</span> <span class='ocrx_word' id='word_1_139' title='bbox 419 1514 438 1546; x_wconf 83' lang='lat'>5</span> <span class='ocrx_word' id='word_1_140' title='bbox 465 1513 601 1557; x_wconf 85' lang='lat' dir='ltr'>(Migne</span> <span class='ocrx_word' id='word_1_141' title='bbox 628 1512 756 1558; x_wconf 84' lang='lat' dir='ltr'>patrol.</span> <span class='ocrx_word' id='word_1_142' title='bbox 782 1512 845 1546; x_wconf 83' lang='lat' dir='ltr'>lat.</span> <span class='ocrx_word' id='word_1_143' title='bbox 872 1511 968 1546; x_wconf 82' lang='lat' dir='ltr'>XXV</span> <span class='ocrx_word' id='word_1_144' title='bbox 996 1523 1028 1556; x_wconf 91' lang='lat' dir='ltr'>p.</span> <span class='ocrx_word' id='word_1_145' title='bbox 1059 1512 1160 1555; x_wconf 84' lang='lat'>1140,</span> <span class='ocrx_word' id='word_1_146' title='bbox 1185 1513 1388 1554; x_wconf 75' lang='lat'>47-1141,</span> <span class='ocrx_word' id='word_1_147' title='bbox 1408 1514 1444 1555; x_wconf 85' lang='lat'>4)</span> <span class='ocrx_word' id='word_1_148' title='bbox 1521 1513 1563 1546; x_wconf 85' lang='lat'>12</span> <span class='ocrx_word' id='word_1_149' title='bbox 1590 1512 1634 1547; x_wconf 83' lang='lat' dir='ltr'>de</span> 
     </span>
     <span class='ocr_line' id='line_1_19' title="bbox 102 1572 598 1611; baseline 0 -5"><span class='ocrx_word' id='word_1_150' title='bbox 102 1572 163 1607; x_wconf 92' lang='lat' dir='ltr'>lib.</span> <span class='ocrx_word' id='word_1_151' title='bbox 191 1572 265 1606; x_wconf 90' lang='lat' dir='ltr'>arb.</span> <span class='ocrx_word' id='word_1_152' title='bbox 293 1572 346 1607; x_wconf 92' lang='lat' dir='ltr'>III</span> <span class='ocrx_word' id='word_1_153' title='bbox 374 1573 434 1611; x_wconf 81' lang='lat'>59;</span> <span class='ocrx_word' id='word_1_154' title='bbox 463 1572 521 1611; x_wconf 77' lang='lat'>62;</span> <span class='ocrx_word' id='word_1_155' title='bbox 553 1572 598 1606; x_wconf 87' lang='lat'>63</span> 
     </span>
    </p>
   </div>
   <div class='ocr_carea' id='block_1_5' title="bbox 97 1654 1634 2876">
    <p class='ocr_par' dir='ltr' id='par_1_6' title="bbox 101 1654 1634 2649">
     <span class='ocr_line' id='line_1_20' title="bbox 152 1654 1632 1693; baseline -0.002 -2"><span class='ocrx_word' id='word_1_156' title='bbox 152 1656 167 1690; x_wconf 96' lang='grc'><strong>1</strong></span> <span class='ocrx_word' id='word_1_157' title='bbox 198 1656 407 1693; x_wconf 80' lang='lat' dir='ltr'>concinnen.</span> <span class='ocrx_word' id='word_1_158' title='bbox 435 1666 479 1688; x_wconf 82' lang='lat' dir='ltr'>m.</span> <span class='ocrx_word' id='word_1_159' title='bbox 508 1657 533 1689; x_wconf 98' lang='grc'>2</span> <span class='ocrx_word' id='word_1_160' title='bbox 558 1656 766 1690; x_wconf 81' lang='lat' dir='ltr'>concinnem</span> <span class='ocrx_word' id='word_1_161' title='bbox 793 1655 829 1689; x_wconf 88' lang='lat' dir='ltr'><em>R</em></span> <span class='ocrx_word' id='word_1_162' title='bbox 855 1656 1098 1690; x_wconf 83' lang='lat' dir='ltr'>continentem</span> <span class='ocrx_word' id='word_1_163' title='bbox 1125 1655 1213 1689; x_wconf 77' lang='lat' dir='ltr'>PP³</span> <span class='ocrx_word' id='word_1_164' title='bbox 1298 1654 1632 1689; x_wconf 80' lang='lat' dir='ltr'>fundamentissime</span> 
     </span>
     <span class='ocr_line' id='line_1_21' title="bbox 104 1713 1632 1759; baseline -0.001 -10"><span class='ocrx_word' id='word_1_165' title='bbox 104 1717 197 1756; x_wconf 90' lang='lat' dir='ltr'>(men</span> <span class='ocrx_word' id='word_1_166' title='bbox 223 1726 268 1749; x_wconf 85' lang='lat' dir='ltr'>m.</span> <span class='ocrx_word' id='word_1_167' title='bbox 297 1718 322 1749; x_wconf 82' lang='lat'><em>2</em></span> <span class='ocrx_word' id='word_1_168' title='bbox 347 1715 430 1757; x_wconf 85' lang='lat' dir='ltr'>del.)</span> <span class='ocrx_word' id='word_1_169' title='bbox 458 1715 493 1748; x_wconf 90' lang='lat' dir='ltr'><em>B</em></span> <span class='ocrx_word' id='word_1_170' title='bbox 518 1714 718 1749; x_wconf 80' lang='lat' dir='ltr'>sundatisse</span> <span class='ocrx_word' id='word_1_171' title='bbox 745 1715 787 1748; x_wconf 89' lang='lat' dir='ltr'><em>H</em></span> <span class='ocrx_word' id='word_1_172' title='bbox 882 1714 951 1749; x_wconf 84' lang='lat' dir='ltr'>fide</span> <span class='ocrx_word' id='word_1_173' title='bbox 978 1715 1002 1749; x_wconf 88' lang='lat'><em>1</em></span> <span class='ocrx_word' id='word_1_174' title='bbox 1075 1716 1095 1748; x_wconf 80' lang='lat'>‘2</span> <span class='ocrx_word' id='word_1_175' title='bbox 1124 1726 1194 1759; x_wconf 91' lang='lat' dir='ltr'>qua</span> <span class='ocrx_word' id='word_1_176' title='bbox 1221 1716 1257 1748; x_wconf 89' lang='lat' dir='ltr'>et</span> <span class='ocrx_word' id='word_1_177' title='bbox 1282 1718 1367 1758; x_wconf 88' lang='lat' dir='ltr'>(qua</span> <span class='ocrx_word' id='word_1_178' title='bbox 1393 1714 1475 1756; x_wconf 85' lang='lat' dir='ltr'>del.)</span> <span class='ocrx_word' id='word_1_179' title='bbox 1497 1713 1538 1747; x_wconf 92' lang='lat' dir='ltr'><em>K</em></span> <span class='ocrx_word' id='word_1_180' title='bbox 1561 1724 1632 1758; x_wconf 87' lang='lat' dir='ltr'>qua</span> 
     </span>
     <span class='ocr_line' id='line_1_22' title="bbox 104 1772 1633 1819; baseline -0.001 -11"><span class='ocrx_word' id='word_1_181' title='bbox 104 1776 139 1815; x_wconf 84' lang='lat' dir='ltr'>(a</span> <span class='ocrx_word' id='word_1_182' title='bbox 166 1775 204 1808; x_wconf 83' lang='lat' dir='ltr'>in</span> <span class='ocrx_word' id='word_1_183' title='bbox 228 1785 302 1809; x_wconf 82' lang='lat' dir='ltr'>ras.</span> <span class='ocrx_word' id='word_1_184' title='bbox 329 1778 362 1809; x_wconf 82' lang='lat' dir='ltr'>et</span> <span class='ocrx_word' id='word_1_185' title='bbox 388 1774 557 1819; x_wconf 81' lang='lat' dir='ltr'>deinceps</span> <span class='ocrx_word' id='word_1_186' title='bbox 583 1774 650 1809; x_wconf 81' lang='lat' dir='ltr'>del.</span> <span class='ocrx_word' id='word_1_187' title='bbox 680 1774 837 1818; x_wconf 81' lang='lat' dir='ltr'>aliquid)</span> <span class='ocrx_word' id='word_1_188' title='bbox 863 1774 897 1807; x_wconf 90' lang='lat' dir='ltr'><em>V</em></span> <span class='ocrx_word' id='word_1_189' title='bbox 921 1786 991 1819; x_wconf 91' lang='lat' dir='ltr'>qua</span> <span class='ocrx_word' id='word_1_190' title='bbox 1012 1774 1061 1808; x_wconf 87' lang='lat' dir='ltr'>P¹</span> <span class='ocrx_word' id='word_1_191' title='bbox 1088 1776 1145 1817; x_wconf 90' lang='lat' dir='ltr'>(m.</span> <span class='ocrx_word' id='word_1_192' title='bbox 1167 1777 1186 1807; x_wconf 92' lang='lat'><strong><em>1</em></strong></span> <span class='ocrx_word' id='word_1_193' title='bbox 1212 1784 1304 1808; x_wconf 84' lang='lat' dir='ltr'>corr.</span> <span class='ocrx_word' id='word_1_194' title='bbox 1331 1784 1402 1818; x_wconf 89' lang='lat' dir='ltr'>qua</span> <span class='ocrx_word' id='word_1_195' title='bbox 1427 1775 1477 1816; x_wconf 83' lang='lat' dir='ltr'>et)</span> <span class='ocrx_word' id='word_1_196' title='bbox 1503 1772 1539 1807; x_wconf 87' lang='lat' dir='ltr'><em>R</em></span> <span class='ocrx_word' id='word_1_197' title='bbox 1565 1783 1633 1817; x_wconf 89' lang='lat' dir='ltr'>que</span> 
     </span>
     <span class='ocr_line' id='line_1_23' title="bbox 102 1832 1633 1879; baseline -0.002 -11"><span class='ocrx_word' id='word_1_198' title='bbox 102 1834 170 1868; x_wconf 90' lang='lat' dir='ltr'>HI</span> <span class='ocrx_word' id='word_1_199' title='bbox 192 1834 356 1878; x_wconf 86' lang='lat' dir='ltr'>quaestio</span> <span class='ocrx_word' id='word_1_200' title='bbox 386 1834 450 1879; x_wconf 77' lang='lat' dir='ltr'>QG</span> <span class='ocrx_word' id='word_1_201' title='bbox 520 1835 697 1868; x_wconf 90' lang='lat' dir='ltr'>iuuiniani</span> <span class='ocrx_word' id='word_1_202' title='bbox 724 1835 793 1868; x_wconf 90' lang='lat' dir='ltr'>HI</span> <span class='ocrx_word' id='word_1_203' title='bbox 814 1834 1004 1868; x_wconf 73' lang='lat' dir='ltr'>iouiffliani</span> <span class='ocrx_word' id='word_1_204' title='bbox 1038 1834 1070 1867; x_wconf 89' lang='lat' dir='ltr'><em>V</em></span> <span class='ocrx_word' id='word_1_205' title='bbox 1094 1833 1293 1868; x_wconf 87' lang='lat' dir='ltr'>iouianiani</span> <span class='ocrx_word' id='word_1_206' title='bbox 1318 1832 1348 1877; x_wconf 77' lang='lat' dir='ltr'><strong><em>Q</em></strong></span> <span class='ocrx_word' id='word_1_207' title='bbox 1373 1832 1521 1868; x_wconf 85' lang='lat' dir='ltr'>iouiani.</span> <span class='ocrx_word' id='word_1_208' title='bbox 1542 1843 1585 1866; x_wconf 88' lang='lat' dir='ltr'>m.</span> <span class='ocrx_word' id='word_1_209' title='bbox 1608 1834 1633 1865; x_wconf 85' lang='lat'><em>2</em></span> 
     </span>
     <span class='ocr_line' id='line_1_24' title="bbox 101 1891 1630 1938; baseline -0.002 -11"><span class='ocrx_word' id='word_1_210' title='bbox 101 1893 275 1927; x_wconf 89' lang='lat' dir='ltr'>iouiniani</span> <span class='ocrx_word' id='word_1_211' title='bbox 302 1893 343 1926; x_wconf 89' lang='lat' dir='ltr'><em>K</em></span> <span class='ocrx_word' id='word_1_212' title='bbox 437 1893 656 1938; x_wconf 81' lang='lat' dir='ltr'>redarguens</span> <span class='ocrx_word' id='word_1_213' title='bbox 684 1893 722 1935; x_wconf 90' lang='lat' dir='ltr'>(d</span> <span class='ocrx_word' id='word_1_214' title='bbox 747 1905 861 1937; x_wconf 70' lang='lat' dir='ltr'>supra</span> <span class='ocrx_word' id='word_1_215' title='bbox 889 1904 961 1929; x_wconf 81' lang='lat' dir='ltr'>ras.</span> <span class='ocrx_word' id='word_1_216' title='bbox 989 1905 1033 1927; x_wconf 86' lang='lat' dir='ltr'>m.</span> <span class='ocrx_word' id='word_1_217' title='bbox 1061 1896 1110 1936; x_wconf 84' lang='grc'>2,·</span> <span class='ocrx_word' id='word_1_218' title='bbox 1127 1893 1253 1938; x_wconf 75' lang='lat' dir='ltr'>fuilnc</span> <span class='ocrx_word' id='word_1_219' title='bbox 1278 1904 1302 1937; x_wconf 85' lang='lat' dir='ltr'>g</span> <span class='ocrx_word' id='word_1_220' title='bbox 1328 1891 1361 1935; x_wconf 63' lang='grc' dir='ltr'>ἓ)</span> <span class='ocrx_word' id='word_1_221' title='bbox 1387 1891 1429 1925; x_wconf 88' lang='grc' dir='ltr'><em>Κ</em></span> <span class='ocrx_word' id='word_1_222' title='bbox 1511 1891 1630 1926; x_wconf 85' lang='lat' dir='ltr'>adthi-</span> 
     </span>
     <span class='ocr_line' id='line_1_25' title="bbox 101 1951 1633 1998; baseline -0.001 -12"><span class='ocrx_word' id='word_1_223' title='bbox 101 1952 212 1986; x_wconf 90' lang='lat' dir='ltr'>buisti</span> <span class='ocrx_word' id='word_1_224' title='bbox 240 1952 294 1993; x_wconf 85' lang='lat' dir='ltr'>(th</span> <span class='ocrx_word' id='word_1_225' title='bbox 321 1965 365 1987; x_wconf 87' lang='lat' dir='ltr'>m.</span> <span class='ocrx_word' id='word_1_226' title='bbox 393 1956 419 1987; x_wconf 89' lang='grc'>2</span> <span class='ocrx_word' id='word_1_227' title='bbox 445 1953 526 1995; x_wconf 83' lang='lat' dir='ltr'>del.)</span> <span class='ocrx_word' id='word_1_228' title='bbox 553 1953 588 1987; x_wconf 91' lang='grc' dir='ltr'><strong><em>Β</em></strong></span> <span class='ocrx_word' id='word_1_229' title='bbox 686 1955 706 1987; x_wconf 87' lang='grc'><strong>3</strong></span> <span class='ocrx_word' id='word_1_230' title='bbox 734 1959 943 1998; x_wconf 78' lang='lat' dir='ltr'>conspectu.</span> <span class='ocrx_word' id='word_1_231' title='bbox 978 1953 1074 1997; x_wconf 77' lang='lat' dir='ltr'>(suit</span> <span class='ocrx_word' id='word_1_232' title='bbox 1099 1952 1123 1995; x_wconf 92' lang='lat' dir='ltr'>i)</span> <span class='ocrx_word' id='word_1_233' title='bbox 1153 1951 1183 1997; x_wconf 78' lang='lat' dir='ltr'><em>Q</em></span> <span class='ocrx_word' id='word_1_234' title='bbox 1279 1953 1302 1985; x_wconf 79' lang='lat'>4</span> <span class='ocrx_word' id='word_1_235' title='bbox 1335 1951 1436 1985; x_wconf 87' lang='lat' dir='ltr'>cuius</span> <span class='ocrx_word' id='word_1_236' title='bbox 1469 1953 1524 1985; x_wconf 85' lang='lat' dir='ltr'>est</span> <span class='ocrx_word' id='word_1_237' title='bbox 1550 1961 1633 1992; x_wconf 85' lang='lat' dir='ltr'>om.‚</span> 
     </span>
     <span class='ocr_line' id='line_1_26' title="bbox 101 2009 1632 2056; baseline -0.001 -9"><span class='ocrx_word' id='word_1_238' title='bbox 101 2023 146 2046; x_wconf 90' lang='lat' dir='ltr'>m.</span> <span class='ocrx_word' id='word_1_239' title='bbox 173 2014 198 2046; x_wconf 82' lang='lat'><em>2</em></span> <span class='ocrx_word' id='word_1_240' title='bbox 224 2012 322 2054; x_wconf 64' lang='lat' dir='ltr'>add⁴⁷</span> <span class='ocrx_word' id='word_1_241' title='bbox 348 2012 411 2047; x_wconf 84' lang='lat' dir='ltr'>sed</span> <span class='ocrx_word' id='word_1_242' title='bbox 437 2015 491 2047; x_wconf 87' lang='lat' dir='ltr'>est</span> <span class='ocrx_word' id='word_1_243' title='bbox 511 2016 598 2056; x_wconf 80' lang='lat' dir='ltr'>post</span> <span class='ocrx_word' id='word_1_244' title='bbox 623 2013 727 2046; x_wconf 91' lang='lat' dir='ltr'>unius</span> <span class='ocrx_word' id='word_1_245' title='bbox 755 2012 784 2046; x_wconf 89' lang='lat' dir='ltr'><strong><em>S</em></strong></span> <span class='ocrx_word' id='word_1_246' title='bbox 862 2015 917 2046; x_wconf 90' lang='lat' dir='ltr'>est</span> <span class='ocrx_word' id='word_1_247' title='bbox 943 2024 1009 2046; x_wconf 87' lang='lat' dir='ltr'>om.</span> <span class='ocrx_word' id='word_1_248' title='bbox 1037 2012 1101 2046; x_wconf 88' lang='lat' dir='ltr'>HI</span> <span class='ocrx_word' id='word_1_249' title='bbox 1181 2011 1285 2045; x_wconf 89' lang='lat' dir='ltr'>unius</span> <span class='ocrx_word' id='word_1_250' title='bbox 1314 2010 1386 2044; x_wconf 90' lang='lat' dir='ltr'>diei</span> <span class='ocrx_word' id='word_1_251' title='bbox 1412 2009 1463 2044; x_wconf 76' lang='grc' dir='ltr'>Ρ3</span> <span class='ocrx_word' id='word_1_252' title='bbox 1547 2014 1632 2045; x_wconf 81' lang='lat' dir='ltr'>tam.</span> 
     </span>
     <span class='ocr_line' id='line_1_27' title="bbox 102 2068 1632 2116; baseline -0.004 -9"><span class='ocrx_word' id='word_1_253' title='bbox 102 2083 146 2107; x_wconf 84' lang='lat' dir='ltr'>m.</span> <span class='ocrx_word' id='word_1_254' title='bbox 174 2074 200 2106; x_wconf 87' lang='grc'>2</span> <span class='ocrx_word' id='word_1_255' title='bbox 223 2076 354 2107; x_wconf 87' lang='lat' dir='ltr'>terram</span> <span class='ocrx_word' id='word_1_256' title='bbox 389 2071 422 2105; x_wconf 78' lang='lat' dir='ltr'><em>V</em></span> <span class='ocrx_word' id='word_1_257' title='bbox 487 2072 507 2106; x_wconf 86' lang='lat'>5</span> <span class='ocrx_word' id='word_1_258' title='bbox 533 2075 698 2106; x_wconf 90' lang='lat' dir='ltr'>tenemur</span> <span class='ocrx_word' id='word_1_259' title='bbox 724 2083 815 2116; x_wconf 83' lang='lat' dir='ltr'>quac</span> <span class='ocrx_word' id='word_1_260' title='bbox 842 2072 877 2106; x_wconf 98' lang='grc' dir='ltr'><strong><em>Β</em></strong></span> <span class='ocrx_word' id='word_1_261' title='bbox 903 2075 938 2114; x_wconf 91' lang='lat' dir='ltr'>(a</span> <span class='ocrx_word' id='word_1_262' title='bbox 965 2083 1008 2105; x_wconf 83' lang='lat' dir='ltr'>m.</span> <span class='ocrx_word' id='word_1_263' title='bbox 1037 2073 1062 2105; x_wconf 97' lang='grc'>2</span> <span class='ocrx_word' id='word_1_264' title='bbox 1089 2071 1172 2112; x_wconf 80' lang='lat' dir='ltr'>del.)</span> <span class='ocrx_word' id='word_1_265' title='bbox 1195 2070 1236 2103; x_wconf 94' lang='lat' dir='ltr'><em>K</em></span> <span class='ocrx_word' id='word_1_266' title='bbox 1259 2072 1293 2113; x_wconf 87' lang='lat' dir='ltr'>(a</span> <span class='ocrx_word' id='word_1_267' title='bbox 1319 2071 1427 2111; x_wconf 80' lang='lat' dir='ltr'>eras.)</span> <span class='ocrx_word' id='word_1_268' title='bbox 1501 2068 1632 2102; x_wconf 86' lang='lat' dir='ltr'>simila-</span> 
     </span>
     <span class='ocr_line' id='line_1_28' title="bbox 101 2126 1631 2174; baseline -0.003 -9"><span class='ocrx_word' id='word_1_269' title='bbox 101 2131 224 2165; x_wconf 71' lang='lat' dir='ltr'>tudine</span> <span class='ocrx_word' id='word_1_270' title='bbox 258 2131 360 2169; x_wconf 78' lang='lat' dir='ltr'>(med.</span> <span class='ocrx_word' id='word_1_271' title='bbox 394 2132 403 2165; x_wconf 92' lang='lat' dir='ltr'>i</span> <span class='ocrx_word' id='word_1_272' title='bbox 437 2143 480 2165; x_wconf 68' lang='lat' dir='ltr'>ea:</span> <span class='ocrx_word' id='word_1_273' title='bbox 513 2142 607 2174; x_wconf 81' lang='lat' dir='ltr'>ras.;</span> <span class='ocrx_word' id='word_1_274' title='bbox 629 2130 756 2174; x_wconf 75' lang='lat' dir='ltr'>fuitne</span> <span class='ocrx_word' id='word_1_275' title='bbox 787 2141 809 2165; x_wconf 92' lang='lat' dir='ltr'>u</span> <span class='ocrx_word' id='word_1_276' title='bbox 837 2130 881 2168; x_wconf 67' lang='grc' dir='ltr'>Ρ),</span> <span class='ocrx_word' id='word_1_277' title='bbox 915 2142 958 2166; x_wconf 83' lang='lat' dir='ltr'>m.</span> <span class='ocrx_word' id='word_1_278' title='bbox 993 2132 1018 2164; x_wconf 85' lang='grc'>2</span> <span class='ocrx_word' id='word_1_279' title='bbox 1050 2129 1287 2164; x_wconf 78' lang='lat' dir='ltr'>similitudine</span> <span class='ocrx_word' id='word_1_280' title='bbox 1322 2128 1364 2162; x_wconf 87' lang='lat' dir='ltr'><em>K</em></span> <span class='ocrx_word' id='word_1_281' title='bbox 1391 2126 1631 2162; x_wconf 84' lang='lat' dir='ltr'>similitudine</span> 
     </span>
     <span class='ocr_line' id='line_1_29' title="bbox 102 2187 1630 2233; baseline -0.004 -8"><span class='ocrx_word' id='word_1_282' title='bbox 102 2189 368 2225; x_wconf 84' lang='lat' dir='ltr'><em>HP¹NMRP²</em></span> <span class='ocrx_word' id='word_1_283' title='bbox 392 2202 426 2224; x_wconf 87' lang='lat' dir='ltr'>m</span> <span class='ocrx_word' id='word_1_284' title='bbox 523 2191 544 2225; x_wconf 89' lang='lat'>6</span> <span class='ocrx_word' id='word_1_285' title='bbox 570 2191 735 2225; x_wconf 68' lang='lat' dir='ltr'>liber-tius</span> <span class='ocrx_word' id='word_1_286' title='bbox 761 2190 796 2224; x_wconf 94' lang='lat' dir='ltr'><strong><em>P</em></strong></span> <span class='ocrx_word' id='word_1_287' title='bbox 822 2194 880 2231; x_wconf 86' lang='lat' dir='ltr'>(m.</span> <span class='ocrx_word' id='word_1_288' title='bbox 909 2192 927 2223; x_wconf 91' lang='lat'><em>1</em></span> <span class='ocrx_word' id='word_1_289' title='bbox 953 2200 1044 2223; x_wconf 83' lang='lat' dir='ltr'>corr.</span> <span class='ocrx_word' id='word_1_290' title='bbox 1070 2188 1162 2223; x_wconf 85' lang='lat' dir='ltr'>liber</span> <span class='ocrx_word' id='word_1_291' title='bbox 1186 2188 1286 2233; x_wconf 84' lang='lat' dir='ltr'>tuus)</span> <span class='ocrx_word' id='word_1_292' title='bbox 1312 2188 1338 2222; x_wconf 94' lang='lat' dir='ltr'>I</span> <span class='ocrx_word' id='word_1_293' title='bbox 1444 2187 1525 2220; x_wconf 90' lang='lat' dir='ltr'>iona</span> <span class='ocrx_word' id='word_1_294' title='bbox 1552 2197 1630 2231; x_wconf 86' lang='lat' dir='ltr'>pro-</span> 
     </span>
     <span class='ocr_line' id='line_1_30' title="bbox 102 2236 1634 2295; baseline -0.004 -11"><span class='ocrx_word' id='word_1_295' title='bbox 102 2250 212 2295; x_wconf 89' lang='lat' dir='ltr'>pheta.</span> <span class='ocrx_word' id='word_1_296' title='bbox 243 2251 308 2285; x_wconf 89' lang='lat' dir='ltr'>stis</span> <span class='ocrx_word' id='word_1_297' title='bbox 341 2251 407 2284; x_wconf 90' lang='lat' dir='ltr'>hoc</span> <span class='ocrx_word' id='word_1_298' title='bbox 442 2250 521 2284; x_wconf 64' lang='lat' dir='ltr'>(stis</span> <span class='ocrx_word' id='word_1_299' title='bbox 556 2262 599 2286; x_wconf 87' lang='lat' dir='ltr'>m.</span> <span class='ocrx_word' id='word_1_300' title='bbox 634 2252 659 2283; x_wconf 89' lang='grc'>2</span> <span class='ocrx_word' id='word_1_301' title='bbox 691 2250 773 2294; x_wconf 60' lang='lat' dir='ltr'>del.)</span> <span class='ocrx_word' id='word_1_302' title='bbox 800 2250 834 2283; x_wconf 91' lang='lat' dir='ltr'><em>B</em></span> <span class='ocrx_word' id='word_1_303' title='bbox 981 2236 1132 2292; x_wconf 65' lang='lat' dir='ltr'>insignit</span> <span class='ocrx_word' id='word_1_304' title='bbox 1167 2250 1222 2290; x_wconf 45' lang='lat' dir='ltr'>(a</span> <span class='ocrx_word' id='word_1_305' title='bbox 1257 2259 1302 2281; x_wconf 84' lang='lat' dir='ltr'>m.</span> <span class='ocrx_word' id='word_1_306' title='bbox 1337 2249 1362 2280; x_wconf 88' lang='grc'><em>2</em></span> <span class='ocrx_word' id='word_1_307' title='bbox 1391 2247 1432 2280; x_wconf 77' lang='lat' dir='ltr'>in</span> <span class='ocrx_word' id='word_1_308' title='bbox 1465 2249 1553 2282; x_wconf 72' lang='lat' dir='ltr'>ras.)</span> <span class='ocrx_word' id='word_1_309' title='bbox 1586 2244 1634 2278; x_wconf 87' lang='lat' dir='ltr'><em>M</em></span> 
     </span>
     <span class='ocr_line' id='line_1_31' title="bbox 104 2304 1631 2354; baseline -0.004 -11"><span class='ocrx_word' id='word_1_310' title='bbox 104 2309 123 2343; x_wconf 82' lang='lat'><strong>7</strong></span> <span class='ocrx_word' id='word_1_311' title='bbox 156 2308 412 2354; x_wconf 88' lang='lat' dir='ltr'>delucidequae</span> <span class='ocrx_word' id='word_1_312' title='bbox 445 2309 480 2343; x_wconf 90' lang='lat' dir='ltr'><em>B</em></span> <span class='ocrx_word' id='word_1_313' title='bbox 513 2308 745 2353; x_wconf 83' lang='lat' dir='ltr'>dilucidique,</span> <span class='ocrx_word' id='word_1_314' title='bbox 779 2320 822 2344; x_wconf 84' lang='lat' dir='ltr'>m.</span> <span class='ocrx_word' id='word_1_315' title='bbox 858 2311 883 2341; x_wconf 88' lang='grc'>2</span> <span class='ocrx_word' id='word_1_316' title='bbox 915 2306 1143 2352; x_wconf 80' lang='lat' dir='ltr'>dilucideque</span> <span class='ocrx_word' id='word_1_317' title='bbox 1170 2305 1222 2341; x_wconf 70' lang='lat'>1²²</span> <span class='ocrx_word' id='word_1_318' title='bbox 1367 2305 1565 2338; x_wconf 85' lang='lat' dir='ltr'>declarauit</span> <span class='ocrx_word' id='word_1_319' title='bbox 1597 2304 1631 2337; x_wconf 90' lang='lat' dir='ltr'><em>B</em></span> 
     </span>
     <span class='ocr_line' id='line_1_32' title="bbox 103 2362 1632 2413; baseline -0.005 -11"><span class='ocrx_word' id='word_1_320' title='bbox 103 2367 214 2402; x_wconf 81' lang='lat' dir='ltr'>clarat</span> <span class='ocrx_word' id='word_1_321' title='bbox 239 2368 265 2401; x_wconf 92' lang='grc' dir='ltr'><em>Ι</em></span> <span class='ocrx_word' id='word_1_322' title='bbox 383 2372 528 2413; x_wconf 86' lang='lat' dir='ltr'>propter</span> <span class='ocrx_word' id='word_1_323' title='bbox 552 2367 657 2412; x_wconf 79' lang='lat' dir='ltr'>ipsud</span> <span class='ocrx_word' id='word_1_324' title='bbox 685 2366 721 2403; x_wconf 69' lang='lat' dir='ltr'>&lt;d</span> <span class='ocrx_word' id='word_1_325' title='bbox 749 2367 831 2409; x_wconf 81' lang='lat' dir='ltr'>del.)</span> <span class='ocrx_word' id='word_1_326' title='bbox 856 2370 981 2410; x_wconf 69' lang='lat' dir='ltr'>postea</span> <span class='ocrx_word' id='word_1_327' title='bbox 1010 2372 1068 2401; x_wconf 81' lang='lat' dir='ltr'>(m.</span> <span class='ocrx_word' id='word_1_328' title='bbox 1098 2369 1115 2399; x_wconf 95' lang='lat'><em>1</em></span> <span class='ocrx_word' id='word_1_329' title='bbox 1142 2365 1175 2409; x_wconf 62' lang='grc'>,9)</span> <span class='ocrx_word' id='word_1_330' title='bbox 1203 2365 1288 2400; x_wconf 77' lang='lat' dir='ltr'>add.</span> <span class='ocrx_word' id='word_1_331' title='bbox 1319 2364 1393 2397; x_wconf 79' lang='lat' dir='ltr'>uid.</span> <span class='ocrx_word' id='word_1_332' title='bbox 1421 2362 1461 2396; x_wconf 88' lang='lat' dir='ltr'><em>K</em></span> <span class='ocrx_word' id='word_1_333' title='bbox 1486 2366 1632 2407; x_wconf 82' lang='lat' dir='ltr'>propter</span> 
     </span>
     <span class='ocr_line' id='line_1_33' title="bbox 103 2420 1629 2472; baseline -0.005 -12"><span class='ocrx_word' id='word_1_334' title='bbox 103 2425 206 2471; x_wconf 85' lang='lat' dir='ltr'>ipsud</span> <span class='ocrx_word' id='word_1_335' title='bbox 233 2428 291 2469; x_wconf 72' lang='lat' dir='ltr'>(m.</span> <span class='ocrx_word' id='word_1_336' title='bbox 321 2430 345 2461; x_wconf 82' lang='grc'>2</span> <span class='ocrx_word' id='word_1_337' title='bbox 370 2427 500 2472; x_wconf 79' lang='lat' dir='ltr'>ipsum)</span> <span class='ocrx_word' id='word_1_338' title='bbox 533 2426 563 2459; x_wconf 91' lang='lat' dir='ltr'><strong><em>V</em></strong></span> <span class='ocrx_word' id='word_1_339' title='bbox 588 2430 733 2471; x_wconf 82' lang='lat' dir='ltr'>propter</span> <span class='ocrx_word' id='word_1_340' title='bbox 759 2426 846 2459; x_wconf 77' lang='lat' dir='ltr'>illud</span> <span class='ocrx_word' id='word_1_341' title='bbox 879 2426 912 2458; x_wconf 70' lang='grc' dir='ltr'>(ι’</span> <span class='ocrx_word' id='word_1_342' title='bbox 1010 2426 1030 2454; x_wconf 65' lang='lat'>8</span> <span class='ocrx_word' id='word_1_343' title='bbox 1058 2428 1231 2469; x_wconf 86' lang='lat' dir='ltr'>quoactos</span> <span class='ocrx_word' id='word_1_344' title='bbox 1258 2423 1300 2457; x_wconf 88' lang='lat' dir='ltr'><em>H</em></span> <span class='ocrx_word' id='word_1_345' title='bbox 1325 2428 1497 2467; x_wconf 84' lang='lat' dir='ltr'>quoactus</span> <span class='ocrx_word' id='word_1_346' title='bbox 1524 2420 1549 2454; x_wconf 94' lang='lat' dir='ltr'>I</span> <span class='ocrx_word' id='word_1_347' title='bbox 1572 2432 1629 2454; x_wconf 88' lang='lat' dir='ltr'>co-</span> 
     </span>
     <span class='ocr_line' id='line_1_34' title="bbox 104 2480 1628 2529; baseline -0.005 -9"><span class='ocrx_word' id='word_1_348' title='bbox 104 2488 203 2520; x_wconf 85' lang='lat' dir='ltr'>actus</span> <span class='ocrx_word' id='word_1_349' title='bbox 229 2486 328 2520; x_wconf 83' lang='lat' dir='ltr'>P¹M</span> <span class='ocrx_word' id='word_1_350' title='bbox 350 2489 407 2529; x_wconf 86' lang='lat' dir='ltr'>(m.</span> <span class='ocrx_word' id='word_1_351' title='bbox 435 2488 460 2520; x_wconf 93' lang='grc'>2</span> <span class='ocrx_word' id='word_1_352' title='bbox 486 2488 644 2528; x_wconf 79' lang='lat' dir='ltr'>coactos)</span> <span class='ocrx_word' id='word_1_353' title='bbox 755 2496 831 2518; x_wconf 84' lang='lat' dir='ltr'>esse</span> <span class='ocrx_word' id='word_1_354' title='bbox 858 2497 902 2520; x_wconf 88' lang='lat' dir='ltr'>m.</span> <span class='ocrx_word' id='word_1_355' title='bbox 931 2487 956 2518; x_wconf 87' lang='grc'>2</span> <span class='ocrx_word' id='word_1_356' title='bbox 982 2484 1048 2519; x_wconf 81' lang='lat' dir='ltr'>del.</span> <span class='ocrx_word' id='word_1_357' title='bbox 1083 2484 1109 2517; x_wconf 89' lang='lat' dir='ltr'><strong><em>V</em></strong></span> <span class='ocrx_word' id='word_1_358' title='bbox 1230 2482 1352 2516; x_wconf 82' lang='lat' dir='ltr'>dixisti</span> <span class='ocrx_word' id='word_1_359' title='bbox 1381 2482 1443 2522; x_wconf 84' lang='lat' dir='ltr'>(sti</span> <span class='ocrx_word' id='word_1_360' title='bbox 1471 2493 1511 2513; x_wconf 82' lang='lat' dir='ltr'>m.</span> <span class='ocrx_word' id='word_1_361' title='bbox 1542 2482 1567 2513; x_wconf 83' lang='grc'>2</span> <span class='ocrx_word' id='word_1_362' title='bbox 1593 2480 1628 2512; x_wconf 79' lang='lat' dir='ltr'>in</span> 
     </span>
     <span class='ocr_line' id='line_1_35' title="bbox 103 2539 1629 2590; baseline -0.005 -11"><span class='ocrx_word' id='word_1_363' title='bbox 103 2546 192 2590; x_wconf 80' lang='lat' dir='ltr'>ras.)</span> <span class='ocrx_word' id='word_1_364' title='bbox 218 2546 259 2579; x_wconf 90' lang='lat' dir='ltr'><em>K</em></span> <span class='ocrx_word' id='word_1_365' title='bbox 335 2547 419 2589; x_wconf 67' lang='lat' dir='ltr'>non}</span> <span class='ocrx_word' id='word_1_366' title='bbox 447 2556 487 2580; x_wconf 89' lang='lat' dir='ltr'>ac</span> <span class='ocrx_word' id='word_1_367' title='bbox 514 2556 575 2588; x_wconf 81' lang='lat' dir='ltr'>per</span> <span class='ocrx_word' id='word_1_368' title='bbox 601 2545 667 2579; x_wconf 86' lang='lat' dir='ltr'>hoc</span> <span class='ocrx_word' id='word_1_369' title='bbox 693 2556 763 2578; x_wconf 90' lang='lat' dir='ltr'>non</span> <span class='ocrx_word' id='word_1_370' title='bbox 795 2544 827 2577; x_wconf 77' lang='lat' dir='ltr'><em>G</em></span> <span class='ocrx_word' id='word_1_371' title='bbox 885 2545 905 2578; x_wconf 79' lang='lat'>9</span> <span class='ocrx_word' id='word_1_372' title='bbox 932 2543 976 2578; x_wconf 89' lang='lat' dir='ltr'>ab</span> <span class='ocrx_word' id='word_1_373' title='bbox 1011 2543 1042 2575; x_wconf 92' lang='lat' dir='ltr'><em>V</em></span> <span class='ocrx_word' id='word_1_374' title='bbox 1120 2541 1376 2577; x_wconf 82' lang='lat' dir='ltr'>contradixerit</span> <span class='ocrx_word' id='word_1_375' title='bbox 1404 2541 1425 2573; x_wconf 94' lang='lat' dir='ltr'>I</span> <span class='ocrx_word' id='word_1_376' title='bbox 1484 2539 1524 2573; x_wconf 91' lang='lat'>10</span> <span class='ocrx_word' id='word_1_377' title='bbox 1552 2549 1629 2572; x_wconf 84' lang='lat' dir='ltr'>eam</span> 
     </span>
     <span class='ocr_line' id='line_1_36' title="bbox 106 2595 1632 2649; baseline -0.005 -11"><span class='ocrx_word' id='word_1_378' title='bbox 106 2610 268 2649; x_wconf 84' lang='lat' dir='ltr'>oporteat</span> <span class='ocrx_word' id='word_1_379' title='bbox 297 2605 329 2639; x_wconf 89' lang='lat' dir='ltr'><em>G</em></span> <span class='ocrx_word' id='word_1_380' title='bbox 444 2606 588 2649; x_wconf 79' lang='lat' dir='ltr'>oportet</span> <span class='ocrx_word' id='word_1_381' title='bbox 614 2603 702 2637; x_wconf 90' lang='lat' dir='ltr'>HP¹</span> <span class='ocrx_word' id='word_1_382' title='bbox 830 2604 867 2636; x_wconf 94' lang='lat' dir='ltr'>ll</span> <span class='ocrx_word' id='word_1_383' title='bbox 898 2603 1124 2637; x_wconf 81' lang='lat' dir='ltr'>Christianae</span> <span class='ocrx_word' id='word_1_384' title='bbox 1152 2613 1217 2636; x_wconf 83' lang='lat' dir='ltr'>om.</span> <span class='ocrx_word' id='word_1_385' title='bbox 1247 2600 1286 2634; x_wconf 88' lang='lat' dir='ltr'><em>H</em></span> <span class='ocrx_word' id='word_1_386' title='bbox 1410 2599 1451 2632; x_wconf 76' lang='lat'>12</span> <span class='ocrx_word' id='word_1_387' title='bbox 1479 2609 1562 2639; x_wconf 57' lang='lat' dir='ltr'>ougo</span> <span class='ocrx_word' id='word_1_388' title='bbox 1590 2595 1632 2630; x_wconf 82' lang='lat' dir='ltr'><em>H</em></span> 
     </span>
    </p>

    <p class='ocr_par' dir='ltr' id='par_1_7' title="bbox 97 2656 1629 2876">
     <span class='ocr_line' id='line_1_37' title="bbox 153 2656 1628 2708; baseline -0.006 -11"><span class='ocrx_word' id='word_1_389' title='bbox 153 2663 248 2708; x_wconf 81' lang='lat' dir='ltr'>quid.</span> <span class='ocrx_word' id='word_1_390' title='bbox 274 2675 318 2697; x_wconf 88' lang='lat' dir='ltr'>m.</span> <span class='ocrx_word' id='word_1_391' title='bbox 341 2668 366 2697; x_wconf 82' lang='grc'>2</span> <span class='ocrx_word' id='word_1_392' title='bbox 391 2663 498 2708; x_wconf 71' lang='lat' dir='ltr'>quide</span> <span class='ocrx_word' id='word_1_393' title='bbox 520 2663 554 2697; x_wconf 91' lang='grc' dir='ltr'><strong><em>Β</em></strong></span> <span class='ocrx_word' id='word_1_394' title='bbox 627 2661 784 2706; x_wconf 82' lang='lat' dir='ltr'>aliquod.</span> <span class='ocrx_word' id='word_1_395' title='bbox 814 2674 856 2697; x_wconf 54' lang='lat' dir='ltr'>m⁴</span> <span class='ocrx_word' id='word_1_396' title='bbox 885 2664 909 2695; x_wconf 90' lang='grc'>2</span> <span class='ocrx_word' id='word_1_397' title='bbox 936 2661 1074 2706; x_wconf 85' lang='lat' dir='ltr'>aliquot</span> <span class='ocrx_word' id='word_1_398' title='bbox 1094 2661 1166 2695; x_wconf 89' lang='lat' dir='ltr'>BG</span> <span class='ocrx_word' id='word_1_399' title='bbox 1194 2659 1339 2705; x_wconf 86' lang='lat' dir='ltr'>aliquod</span> <span class='ocrx_word' id='word_1_400' title='bbox 1365 2658 1425 2691; x_wconf 87' lang='lat' dir='ltr'>III</span> <span class='ocrx_word' id='word_1_401' title='bbox 1478 2658 1517 2690; x_wconf 80' lang='grc'>13</span> <span class='ocrx_word' id='word_1_402' title='bbox 1539 2656 1628 2690; x_wconf 85' lang='lat' dir='ltr'>libro</span> 
     </span>
     <span class='ocr_line' id='line_1_38' title="bbox 105 2715 1629 2767; baseline -0.006 -11"><span class='ocrx_word' id='word_1_403' title='bbox 105 2721 152 2755; x_wconf 89' lang='grc' dir='ltr'>Ρι</span> <span class='ocrx_word' id='word_1_404' title='bbox 284 2723 344 2767; x_wconf 85' lang='lat' dir='ltr'>qui</span> <span class='ocrx_word' id='word_1_405' title='bbox 371 2734 450 2765; x_wconf 84' lang='lat' dir='ltr'>om.‚</span> <span class='ocrx_word' id='word_1_406' title='bbox 477 2734 521 2756; x_wconf 84' lang='lat' dir='ltr'>m.</span> <span class='ocrx_word' id='word_1_407' title='bbox 550 2725 575 2755; x_wconf 87' lang='grc'>2</span> <span class='ocrx_word' id='word_1_408' title='bbox 601 2721 686 2757; x_wconf 79' lang='lat' dir='ltr'>add.</span> <span class='ocrx_word' id='word_1_409' title='bbox 715 2721 749 2754; x_wconf 86' lang='lat' dir='ltr'><em>B</em></span> <span class='ocrx_word' id='word_1_410' title='bbox 776 2732 844 2765; x_wconf 88' lang='lat' dir='ltr'>que</span> <span class='ocrx_word' id='word_1_411' title='bbox 873 2720 913 2754; x_wconf 80' lang='grc' dir='ltr'>ΙΙ</span> <span class='ocrx_word' id='word_1_412' title='bbox 1038 2725 1122 2765; x_wconf 76' lang='lat' dir='ltr'>post</span> <span class='ocrx_word' id='word_1_413' title='bbox 1150 2720 1310 2753; x_wconf 81' lang='lat' dir='ltr'>exierunt</span> <span class='ocrx_word' id='word_1_414' title='bbox 1339 2728 1409 2751; x_wconf 75' lang='lat' dir='ltr'>ras.</span> <span class='ocrx_word' id='word_1_415' title='bbox 1440 2717 1561 2758; x_wconf 64' lang='lat' dir='ltr'>:isere</span> <span class='ocrx_word' id='word_1_416' title='bbox 1587 2715 1629 2755; x_wconf 86' lang='lat'>1.;</span> 
     </span>
     <span class='ocr_line' id='line_1_39' title="bbox 97 2773 1627 2824; baseline -0.005 -9"><span class='ocrx_word' id='word_1_417' title='bbox 97 2781 217 2824; x_wconf 72' lang='lat' dir='ltr'>sut&#39;ase</span> <span class='ocrx_word' id='word_1_418' title='bbox 240 2782 316 2816; x_wconf 77' lang='lat' dir='ltr'>uid.</span> <span class='ocrx_word' id='word_1_419' title='bbox 343 2783 371 2816; x_wconf 61' lang='grc' dir='ltr'>ἃ</span> <span class='ocrx_word' id='word_1_420' title='bbox 400 2781 449 2815; x_wconf 72' lang='grc' dir='ltr'>Ι)ι</span> <span class='ocrx_word' id='word_1_421' title='bbox 476 2782 636 2815; x_wconf 83' lang='lat' dir='ltr'>exierunt</span> <span class='ocrx_word' id='word_1_422' title='bbox 663 2791 743 2816; x_wconf 79' lang='lat' dir='ltr'>om..</span> <span class='ocrx_word' id='word_1_423' title='bbox 772 2791 813 2814; x_wconf 83' lang='lat' dir='ltr'>m.</span> <span class='ocrx_word' id='word_1_424' title='bbox 844 2783 868 2812; x_wconf 82' lang='grc'>2</span> <span class='ocrx_word' id='word_1_425' title='bbox 894 2779 978 2813; x_wconf 78' lang='lat' dir='ltr'>add.</span> <span class='ocrx_word' id='word_1_426' title='bbox 1009 2783 1181 2813; x_wconf 82' lang='lat' dir='ltr'>uenerant</span> <span class='ocrx_word' id='word_1_427' title='bbox 1207 2778 1254 2812; x_wconf 87' lang='grc' dir='ltr'><em>Μ</em></span> <span class='ocrx_word' id='word_1_428' title='bbox 1326 2779 1371 2819; x_wconf 78' lang='lat' dir='ltr'>et!</span> <span class='ocrx_word' id='word_1_429' title='bbox 1401 2780 1435 2809; x_wconf 71' lang='lat' dir='ltr'>et</span> <span class='ocrx_word' id='word_1_430' title='bbox 1463 2786 1505 2809; x_wconf 88' lang='lat' dir='ltr'>ne</span> <span class='ocrx_word' id='word_1_431' title='bbox 1534 2773 1627 2807; x_wconf 73' lang='lat' dir='ltr'>1²¹M</span> 
     </span>
     <span class='ocr_line' id='line_1_40' title="bbox 106 2841 362 2876; baseline 0 -2"><span class='ocrx_word' id='word_1_432' title='bbox 106 2843 142 2874; x_wconf 88' lang='lat' dir='ltr'>et</span> <span class='ocrx_word' id='word_1_433' title='bbox 166 2851 259 2875; x_wconf 88' lang='lat' dir='ltr'>nunc</span> <span class='ocrx_word' id='word_1_434' title='bbox 284 2841 362 2876; x_wconf 82' lang='lat' dir='ltr'>edd.</span> 
     </span>
    </p>
   </div>
  </div>
 </body>
</html>
