1952 3118
85 581 101 607 ὃ

71 937 105 964 10

73 1291 106 1317 15

75 1649 109 1674 20

621 149 973 195 epistularum
1013 148 1167 184 CXLIX.
1232 154 1237 159 ’
1570 152 1656 193 353

127 283 345 328 nostros;
384 280 442 322 ita
481 280 589 337 enim
627 279 889 334 reliquerunt
928 292 1098 333 operum
1133 291 1305 321 suorum
1338 278 1535 333 reliquias
1568 292 1659 334 par-

127 352 240 394 uulis
274 352 375 393 suis.

185 423 231 464 In
264 421 409 476 quinto
443 421 604 463 decimo
639 423 780 462 autem
812 420 975 475 psalmo
1016 420 1128 474 quod
1161 421 1364 475 scriptum
1399 423 1484 463 est:
1526 420 1661 462 Miri-

128 493 308 536 ficauit
358 493 445 534 uel:
499 492 745 533 Mirificet
796 504 962 533 omnes
1014 492 1307 534 uoluntates
1360 505 1476 533 suas
1527 492 1661 533 inter

126 565 263 614 11103,
298 563 401 604 1111111
434 563 627 617 prohibet
658 562 862 617 intellegi,
895 563 1024 604 immo
1059 564 1102 605 et
1134 563 1454 605 conuenientius
1490 563 1659 604 uidetur

127 649 205 677 non
222 635 364 675 ‘inter
385 634 606 675 illos'sed
626 634 685 675 ‘in
708 634 845 675 illis‘.
861 634 922 676 310
944 634 1052 675 enim
1070 636 1111 675 et
1126 633 1274 676 Graeci
1296 634 1460 676 codices
1483 634 1658 681 habent:

127 718 251 760 saepe
272 708 426 754 autem,
444 705 554 757 quod
575 705 699 747 habet
719 705 793 746 illa
812 705 957 759 lingua
971 706 1025 746 ‘in
1046 705 1159 756 illis:
1178 705 1311 746 nostri
1332 705 1661 758 interpretantur

126 778 247 819 ‘inter
270 777 397 820 illos.‘
417 776 488 818 ubi
514 776 684 818 uidetur
716 776 945 818 sententiae
979 776 1215 819 conuenire.
1249 776 1506 830 accipiamus
1540 789 1660 829 ergo:

130 847 341 898 Sanctis,
366 848 448 902 qui
469 848 515 890 in
536 853 667 889 terra
694 850 809 889 sunt
829 848 951 898 eius,
974 847 1278 890 mirificauit
1299 860 1466 889 omnes
1488 848 1662 889 uolun-

129 922 259 960 tates
281 932 395 960 suas
412 919 455 960 in
473 918 594 965 11113,
612 918 723 972 quod
737 918 924 973 plerique
940 918 1105 960 codices
1122 918 1289 968 habent,
1307 921 1349 959 et
1362 919 1660 972 intellegamus

129 991 369 1032 uoluntates
397 990 487 1031 eius
514 1002 687 1031 munera
714 989 886 1042 gratiae,
916 1002 1021 1043 quae
1042 989 1173 1044 gratis
1196 989 1292 1030 data
1314 991 1392 1039 est,
1414 988 1457 1029 id
1478 991 1543 1030 est
1565 989 1662 1042 quia

130 1062 279 1111 uoluit,
311 1074 390 1103 non
425 1061 521 1115 quia
553 1060 796 1102 debebatur.
830 1060 940 1102 unde
974 1063 1057 1102 est:
1099 1060 1253 1102 Scuto
1294 1061 1448 1102 bonae
1489 1061 1661 1102 uolun-

130 1133 252 1174 tatis
287 1132 540 1173 coronasti
573 1145 659 1174 nos
693 1134 757 1174 et:
790 1133 842 1174 In
875 1133 1141 1174 uoluntate
1182 1135 1267 1173 tua
1307 1131 1566 1174 deduxisti
1601 1133 1661 1173 et:

132 1203 426 1245 Voluntarie
471 1203 644 1257 genuit
688 1215 773 1244 nos
827 1203 977 1244 uerbo
1028 1203 1269 1244 ueritatis
1316 1205 1374 1244 et:
1428 1202 1661 1244 Pluuiam

132 1275 468 1316 uoluntariam
497 1287 781 1329 segregans,
818 1274 951 1323 deus,
986 1274 1259 1316 hereditati
1287 1277 1402 1315 tuae
1431 1277 1493 1315 et:
1528 1274 1663 1315 Diui-

132 1346 247 1388 dens
275 1346 474 1400 propria
502 1346 787 1399 unicuique.
815 1347 964 1398 prout
991 1347 1114 1394 uult,
1150 1348 1191 1387 et
1217 1346 1300 1387 alia
1325 1345 1663 1387 innumerabilia.

132 1417 321 1472 proinde:
361 1417 667 1458 Mirifieauit
700 1430 864 1458 omnes
899 1418 1193 1458 uoluntates
1228 1430 1344 1458 suas
1378 1417 1424 1457 in
1459 1416 1588 1469 illis3
1621 1416 1662 1458 in

133 1488 284 1541 quibus
326 1488 406 1529 nisi
444 1489 484 1529 in
525 1489 729 1531 sanctis.
771 1489 851 1542 qui
891 1488 935 1529 in
974 1492 1104 1530 terra
1144 1490 1260 1529 sunt
1300 1489 1438 1530 eius?
1485 1488 1520 1529 si
1554 1487 1663 1529 enim

133 1562 254 1604 terra.
301 1560 411 1601 sicut
448 1573 574 1613 supra
612 1560 889 1609 ostendimus,
934 1561 1077 1613 potest
1114 1560 1247 1612 accipi
1286 1559 1326 1600 in
1366 1560 1472 1600 bono
1513 1560 1555 1600 et
1593 1559 1666 1600 ubi

134 1644 211 1672 non
241 1630 431 1672 additum
458 1633 522 1672 est
547 1631 681 1680 ‘eius'‚
710 1634 865 1684 quanto
894 1631 1026 1686 magis
1055 1631 1126 1672 ubi
1160 1630 1312 1672 dicitur
1345 1633 1490 1671 ‘terra
1524 1630 1664 1671 eius'!

135 1703 258 1744 miras
297 1715 393 1756 ergo
433 1702 532 1743 fecit
573 1715 739 1744 omnes
785 1703 1077 1744 uoluntates
1125 1715 1239 1743 suas
1277 1702 1323 1742 in
1369 1701 1492 1750 illis,
1539 1701 1665 1742 miras

135 1774 301 1814 0111111110
334 1773 447 1816 fecit.
483 1774 581 1827 quia
613 1787 684 1815 eos
719 1787 765 1815 ex
799 1774 1087 1827 desperatione
1120 1773 1367 1814 mirabiliter
1398 1772 1607 1815 liberauit.

192 1845 250 1885 Ex
283 1844 358 1885 hac
391 1844 664 1886 admiratione
698 1845 902 1886 exclamat
934 1844 1172 1898 apostolus:
1208 1844 1241 1886 O
1271 1843 1509 1885 altitudo
1544 1842 1667 1884 diui-

252 1970 287 2007 3:
317 1971 337 2004 9
365 1970 422 2004 Ps.
452 1971 506 2009 15,
534 1971 554 2004 3
648 1970 690 2004 1³2
717 1971 774 2005 Ps.
803 1973 835 2011 5,
866 1971 908 2004 13
1003 1971 1045 2004 13
1074 1970 1130 2005 Ρ3.
1160 1971 1214 2013 72,
1243 1971 1288 2004 ‘24
1389 1971 1431 2004 14
1459 1970 1529 2004 Iac.
1562 1970 1592 2013 1,
1622 1969 1664 2003 18

137 2030 179 2063 14
204 2029 261 2063 Ps.
290 2030 346 2073 (37,
376 2030 417 2064 10
497 2031 536 2064 15
563 2030 579 2064 Ι
608 2029 686 2064 Cor.
718 2031 770 2071 12,
801 2031 840 2064 11
918 2030 962 2064 23
990 2030 1090 2064 Rom.
1122 2031 1175 2069 11,
1203 2030 1248 2064 33

184 2102 197 2135 1
228 2101 291 2135 reli
321 2112 419 2146 quas,
447 2113 491 2136 m.
520 2104 538 2135 1
564 2112 654 2136 corr.
683 2102 745 2136 reli
777 2102 878 2146 quias
914 2102 945 2135 V
1105 2102 1126 2136 3
1154 2102 1281 2147 quinto
1310 2101 1424 2135 'X-nio
1458 2100 1492 2135 V
1515 2101 1600 2134 XVo
1630 2099 1671 2133 K

183 2164 235 2193 est
262 2171 304 2193 m.
333 2163 351 2193 1
375 2171 402 2194 s,
432 2171 465 2194 u.
500 2160 531 2193 V
626 2162 646 2194 6
675 2164 711 2194 et
737 2172 802 2195 om.
833 2172 862 2194 m
963 2161 984 2195 8
1011 2161 1192 2195 sententia.
1218 2161 1253 2194 P
1344 2162 1364 2195 9
1392 2163 1477 2194 sunt
1502 2159 1539 2194 in
1567 2163 1665 2194 terra

134 2218 212 2253 edd.
238 2230 303 2255 sec.
337 2219 439 2262 Vulq.
547 2220 589 2253 10
616 2231 697 2254 suas
724 2230 790 2254 om.
823 2220 855 2254 G
978 2219 1088 2264 quod]
1118 2231 1182 2254 con
1211 2219 1254 2253 H
1279 2225 1320 2254 cu
1347 2219 1428 2254 MA
1526 2218 1664 2252 habent

136 2278 184 2321 et]
202 2278 376 2312 habentes
396 2278 438 2312 K
487 2279 525 2312 11
550 2279 772 2324 uoluntates]
793 2284 868 2313 oms
889 2279 1095 2314 uoluntates
1119 2279 1150 2312 V
1223 2279 1330 2324 quae]
1353 2290 1424 2323 qua
1443 2278 1477 2313 A
1530 2278 1572 2312 12
1595 2289 1664 2311 11011

137 2338 232 2382 quial
269 2343 287 2372 ῆ
323 2338 407 2383 quia
439 2343 458 2372 ῑι
493 2337 539 2371 M
682 2338 897 2383 uoluntatis]
933 2338 1132 2372 uoluntatis
1165 2341 1250 2373 tuae
1284 2338 1317 2372 V
1347 2337 1426 2372 edd.
1460 2348 1526 2371 sec.
1562 2337 1668 2381 Vulq.

138 2397 179 2430 13
207 2396 384 2431 deduxisti
411 2409 474 2431 nos
502 2400 538 2431 et
556 2398 591 2431 P
616 2397 796 2432 deduxisti
823 2409 878 2432 nie
906 2401 941 2432 et
969 2398 1002 2432 V
1024 2397 1103 2432 edd.
1130 2409 1195 2433 see.
1223 2408 1317 2433 sacr.
1346 2398 1414 2432 litt.
1470 2397 1512 2430 14
1539 2396 1666 2430 uolun—

136 2455 226 2500 tariq
252 2455 299 2490 M
321 2458 345 2499 (⁸
372 2460 478 2497 eras.)
507 2456 586 2490 Al(
611 2457 835 2491 uoluntariae
863 2456 940 2491 HG
1038 2449 1090 2502 gn*
1113 2457 1155 2491 K
1275 2458 1318 2491 15
1344 2459 1548 2501 segregats.
1578 2467 1620 2489 m.
1649 2457 1668 2488 1

137 2524 227 2548 corr.
254 2526 448 2558 segregans
484 2514 515 2549 V
538 2516 747 2559 segregabis
779 2515 811 2550 G
837 2527 903 2550 secr
938 2516 1043 2561 Vulq.
1142 2515 1357 2550 hereditatis
1385 2515 1427 2549 H
1519 2514 1561 2548 16
1587 2525 1667 2559 pro-

136 2573 250 2616 prium
276 2573 398 2607 HMA
522 2575 562 2608 17
591 2574 798 2609 inirilieauit
815 2601 817 2608 ⁴
836 2575 1042 2609 mirificauit
1069 2575 1233 2610 alterum.
1250 2586 1294 2609 m.
1323 2576 1348 2609 2
1373 2574 1444 2609 del.
1477 2573 1509 2607 G
1631 2572 1666 2605 in

138 2631 265 2675 quibus
291 2643 370 2670 om..
399 2644 441 2668 m.
469 2635 494 2667 2
521 2633 606 2668 add.
628 2632 670 2667 K
719 2634 759 2667 1⁸
788 2634 963 2668 si—-terra
989 2635 1065 2669 01113
1088 2645 1172 2677 om„
1199 2635 1239 2668 in
1266 2645 1377 2678 vairs).
1406 2644 1449 2667 m.
1477 2635 1495 2666 1
1524 2631 1612 2666 add.
1639 2630 1673 2664 V

140 2691 181 2724 19
206 2694 339 2726 uterra
364 2692 497 2735 (titisse
521 2692 598 2726 uid.
625 2693 675 2735 in)
703 2692 749 2726 M
826 2692 870 2727 22
897 2693 1088 2728 lffiberauit
1115 2694 1210 2738 (fail
1237 2696 1262 2736 1)
1290 2693 1332 2726 II
1414 2693 1459 2726 23
1487 2690 1669 2725 exclama-

139 2749 192 2784 uit
217 2750 252 2784 P
276 2751 455 2785 clamabat
486 2752 518 2786 G

173 2836 339 2862 xxxxuu
355 2837 433 2867 Aug.
453 2839 525 2861 sect.
541 2837 566 2861 11
582 2844 650 2868 pars
664 2839 690 2863 3.
1577 2819 1622 2854 23
