1924 3122
8 1902 15 1937 ‹—

128 981 162 1007 10

0 1299 165 1362 ι4815

134 1693 168 1718 20

137 2047 171 2073 25

698 198 1047 242 epistularum
1088 196 1188 231 CXL.
1625 200 1706 240 195,

183 339 232 367 ne
282 326 323 367 in
375 326 477 368 solis
534 327 594 368 eis
649 327 977 381 intellegeretur.
1030 328 1099 382 qui
1159 341 1206 369 ex
1256 328 1488 369 Israhelitis
1543 329 1709 370 fuerant

183 397 394 438 credituri.
445 410 586 440 semen
643 398 752 439 enim
810 398 933 440 Iacob
990 399 1129 452 ipsum
1187 401 1253 441 est
1307 412 1448 441 semen
1498 399 1707 443 Abrahae:

185 468 377 509 omnibus
423 472 561 510 autem
606 469 646 510 in
687 468 904 511 Christum
950 470 1231 520 credentibus,
1277 483 1353 511 non
1400 470 1501 513 solis
1547 471 1619 525 qui
1664 484 1710 512 ex

183 540 343 581 Israhel
370 540 514 582 fideles
542 542 671 591 erant,
699 540 917 593 apostolus
945 540 1066 582 dicit:
1100 541 1234 595 Ergo
1262 541 1502 583 Abrahae
1537 554 1708 583 semen

186 611 337 654 estis.
373 611 666 652 secundum
699 611 1118 665 promissionem
1156 612 1396 655 heredes.
1436 613 1492 654 ibi
1532 626 1711 667 namque

186 683 531 724 commemorauit
567 682 963 737 praefigurationem
1002 683 1099 724 noui
1138 684 1379 725 testamenti
1422 684 1461 724 in
1504 697 1566 733 eo,
1601 684 1712 738 quod

187 754 390 807 scriptum
419 756 501 794 est:
530 753 583 794 In
613 753 764 795 Isaac
792 753 1083 794 uocabitur
1108 753 1211 794 tibi
1239 766 1428 804 semen,
1458 766 1536 795 non
1567 754 1712 808 utique

186 825 226 866 in
270 824 468 866 Ismahel.
509 824 684 866 ancillae
729 824 829 865 filio.
875 824 915 865 in
963 824 1116 877 quibus
1162 824 1326 866 duobus
1370 825 1469 866 filiis
1508 825 1711 874 Abrahae,

187 908 307 938 seruo
359 899 400 936 et
455 895 600 937 libero.
652 898 694 937 et
744 895 907 937 duabus
958 896 1224 946 mulieribus,
1275 896 1425 938 ancilla
1474 899 1515 938 et
1569 896 1714 945 libera,

187 967 373 1009 scribens
412 966 461 1008 ad
503 965 674 1008 Galatas
714 966 795 1008 duo
833 969 1085 1008 testamenta
1123 967 1227 1009 dicit
1269 967 1310 1008 in
1356 967 1557 1021 allegoria
1600 980 1715 1021 prae-

187 1038 380 1091 figurata.
419 1037 527 1078 unde
567 1037 687 1078 dicit:
721 1036 831 1079 Non
878 1037 943 1087 hi,
985 1038 1072 1092 qui
1113 1037 1226 1078 filii
1266 1038 1456 1089 carnis,
1496 1039 1545 1080 hi
1592 1044 1715 1080 sunt

189 1109 301 1150 filii
361 1108 456 1151 dei.
516 1109 606 1150 sed
663 1108 777 1150 filii
834 1109 1219 1162 promissionis
1277 1109 1610 1163 deputantur
1665 1109 1713 1150 in

191 1193 381 1222 semen.
416 1180 808 1234 promissionis
843 1180 975 1222 enim
1013 1181 1229 1222 uerbum
1257 1181 1352 1222 hoc
1381 1183 1480 1222 est:
1514 1181 1586 1222 Ad
1620 1182 1714 1222 hoc

190 1255 401 1305 tempus
435 1251 644 1292 ueniam
680 1253 731 1292 et
763 1252 867 1293 erit
901 1251 1089 1294 Sarrae
1123 1252 1298 1293 filius.

249 1322 433 1364 Multum
469 1324 532 1364 est
559 1325 599 1363 et
632 1322 757 1363 nimis
783 1322 956 1377 longum
985 1322 1210 1377 diligenter
1234 1323 1464 1373 enucleare,
1499 1335 1571 1364 cur
1603 1322 1717 1364 filii

190 1393 572 1447 promissionis
623 1394 964 1446 pertinentes
1017 1394 1075 1435 ad
1128 1394 1281 1435 Isaac
1332 1394 1430 1435 noui
1473 1394 1718 1436 testamenti
1775 1438 1779 1443 ¹

192 1464 350 1520 gratiae
374 1464 642 1518 deputentur.
664 1465 850 1506 breuiter
876 1467 1015 1506 tamen
1043 1464 1270 1519 adtingam,
1292 1465 1401 1506 unde
1422 1467 1538 1507 tanto
1559 1465 1719 1506 fructu-

192 1537 305 1578 osius
340 1536 560 1591 cogitabis,
589 1539 742 1590 quanto
777 1536 912 1589 magis
940 1536 1006 1589 pie
1034 1535 1297 1590 cogitaueris.
1331 1549 1408 1577 non
1438 1536 1576 1577 omnia
1601 1536 1719 1587 deus,

193 1621 296 1661 quae
329 1607 546 1661 praedicit.
576 1607 808 1661 promittit;
843 1606 1047 1661 praedicit
1080 1607 1189 1647 enim
1223 1607 1348 1648 etiam
1383 1607 1468 1657 illa,
1503 1620 1608 1661 quae
1640 1621 1720 1649 non

190 1679 281 1734 ipse
309 1679 423 1720 facit.
452 1679 550 1732 quia
576 1681 642 1720 est
668 1679 853 1720 omnium
880 1678 1095 1732 praescius
1117 1679 1367 1719 futurorum.
1394 1678 1597 1732 praedicit·
1623 1692 1719 1732 ergo

193 1753 234 1792 et
265 1752 437 1804 peccata
475 1750 707 1792 hominum.
749 1761 853 1803 quae
892 1750 1032 1802 potuit
1070 1749 1289 1803 praescire,
1330 1761 1408 1790 non
1447 1750 1595 1790 facere.
1629 1762 1720 1803 pro-

192 1821 326 1862 mittit
357 1824 512 1870 autem,
547 1834 651 1874 quae
683 1820 774 1874 ipse
812 1821 1003 1861 facturus
1043 1823 1120 1870 est.
1154 1832 1228 1861 nec
1268 1832 1316 1861 ea
1354 1821 1463 1861 mala
1495 1820 1568 1861 sed
1600 1820 1721 1862 bona.

195 1892 287 1945 quis
321 1892 429 1933 enim
462 1893 681 1945 promittat
713 1892 849 1933 mala?
883 1892 1078 1945 quamuis
1106 1892 1248 1945 itaque
1276 1891 1384 1932 mala
1408 1891 1559 1932 inferat
1584 1891 1721 1941 malis,

194 1976 271 2004 non
312 1965 482 2016 peccata
522 1962 592 2003 sed
641 1962 861 2016 supplicia.
903 1961 1086 2003 minatur
1129 1965 1268 2003 tamen
1315 1974 1363 2002 ea
1401 1961 1556 2016 potius,
1598 1975 1720 2015 quani

196 2034 418 2087 promittit.
458 2034 596 2074 onmia
635 2033 813 2088 largitur
855 2036 897 2074 et
934 2033 1131 2087 praescit,
1178 2033 1250 2074 sed
1295 2036 1467 2086 peccata
1506 2032 1722 2087 praedicit.

197 2105 402 2158 supplicia
436 2105 631 2153 minatur,
666 2104 865 2145 beneficia
905 2104 1140 2157 pollicetur.
1179 2104 1255 2145 filii
1295 2117 1392 2158 ergo
1433 2104 1722 2157 promissionis

197 2176 269 2216 filii
299 2178 397 2216 sunt
420 2174 622 2216 beneficii.
654 2175 754 2216 haec
776 2179 841 2216 est
862 2175 1008 2229 gratia.
1033 2188 1138 2228 quae
1161 2175 1291 2229 gratis
1315 2175 1436 2216 datur
1456 2187 1533 2216 non
1563 2175 1723 2216 meritis

198 2247 405 2300 operantis
434 2247 506 2288 sed
534 2247 800 2288 miseratione
829 2246 1034 2287 donantis.
1062 2246 1157 2287 hinc
1186 2246 1341 2301 gratias
1364 2247 1528 2301 agimus
1557 2246 1724 2286 domino

316 2376 335 2407 4
364 2373 441 2407 Gal.
471 2374 502 2410 3.
529 2374 572 2408 29
697 2375 715 2407 7
743 2374 831 2408 Gen.
859 2374 915 2415 21,
946 2374 1006 2411 122
1036 2374 1134 2407 Rom.
1162 2376 1194 2415 9,
1223 2375 1242 2407 7
1372 2378 1392 2405 1⁸<
1421 2372 1498 2407 Gal.
1524 2374 1558 2408 4.
1585 2373 1725 2406 22—24

202 2433 240 2466 11
269 2433 368 2466 Rom.
396 2436 428 2470 o.
454 2435 562 2473 8-υ;
592 2433 679 2468 Gen.
710 2434 763 2474 is,
795 2434 836 2467 10
916 2434 955 2466 ιτ,
983 2425 1061 2468 (ω.
1089 2434 1122 2469 4.
1150 2434 1194 2467 ee·
1269 2433 1312 2466 27
1342 2432 1432 2477 Eph.
1460 2434 1491 2471 2,
1519 2434 1612 2465 s—si

246 2503 268 2537 4
293 2504 424 2538 habrae
458 2503 489 2537 T
572 2505 592 2537 6
620 2505 676 2548 eo}
702 2503 768 2537 hoc
802 2503 834 2537 T
911 2505 929 2537 Τ
958 2515 1027 2537 non
1057 2503 1180 2548 utique
1208 2503 1272 2545 bis,
1301 2503 1454 2537 alterum
1483 2514 1525 2536 m.
1554 2505 1571 2534 1
1597 2502 1665 2535 del.
1699 2501 1729 2534 T

204 2563 242 2596 11
271 2563 322 2607 hi}
350 2563 401 2597 hii
433 2563 464 2597 T
488 2574 553 2598 om.
582 2563 660 2597 edd.
682 2566 832 2607 praeter
858 2575 882 2596 ιι
962 2562 1012 2607 hi]
1040 2562 1089 2596 hii
1123 2562 1154 2596 T
1178 2563 1202 2596 ii
1228 2563 1306 2596 erltl.
1330 2566 1478 2606 praeter
1504 2572 1558 2594 ae
1623 2560 1663 2594 12
1690 2561 1726 2593 in

202 2622 334 2656 semine
354 2622 432 2656 edd.
453 2633 518 2657 sec.
543 2622 642 2667 Vuly.
665 2622 746 2665 (Gr.
764 2622 811 2662 εἷς
834 2623 997 2668 σπέρμα);
1021 2623 1066 2665 cs.
1082 2634 1134 2666 (Ἰ).
1160 2621 1333 2664 CXCIV,
1350 2624 1402 2655 37
1455 2622 1495 2654 15,
1518 2619 1672 2654 enudare
1694 2620 1727 2651 (ν’

206 2681 246 2714 17
273 2680 491 2726 deputantur
523 2682 554 2715 T
648 2682 768 2725 tanto]
793 2685 831 2715 ta
862 2681 935 2715 GT
1005 2681 1174 2717 cosm-it,
1203 2694 1245 2714 m.
1273 2684 1297 2714 2
1324 2681 1407 2714 fecit
1439 2680 1470 2713 G
1554 2679 1726 2723 praecius.

203 2751 246 2774 m.
273 2743 292 2773 1
316 2751 405 2774 corr.
434 2741 613 2784 praescius
642 2740 673 2774 1,
795 2741 838 2774 23
867 2741 959 2774 enim
987 2752 1053 2774 om.
1088 2740 1118 2773 T
1214 2740 1393 2785 promittit
1419 2739 1497 2772 edd.
1614 2739 1659 2771 25
1686 2748 1729 2771 εει·

204 2799 355 2843 largitur
382 2805 415 2833 ct
444 2811 516 2834 ras.
544 2800 656 2844 igitur
681 2800 716 2835 R
790 2800 834 2834 28
861 2811 1008 2844 agamus
1036 2799 1077 2833 N

1619 2867 1680 2900 13*
