1924 3122
558 185 910 230 epistularum
951 185 1121 220 CXXXV.
1162 186 1350 223 CXXXVI.
1665 193 1721 233 93

840 314 1068 357 CXXXVI.

239 407 432 443 DOMINO
460 407 643 443 NIMIUM
668 407 962 443 VENERABILI
986 407 1048 442 ΕΤ
1076 407 1295 444 OMNIBUS
1321 409 1433 444 MIHI
1460 409 1668 446 OFFICIIS

280 467 424 503 UNICE
450 467 774 504 PERCOLENDO
802 467 945 502 PATRI
970 467 1248 503 AUGUSTINO
1274 468 1626 506 MARCELLINUS.

104 554 124 596 1
250 553 325 594 Vir
348 552 538 594 inlustris
566 552 824 594 Volusianus
850 552 1126 594 beatitudinis
1153 554 1252 594 tuae
1279 553 1383 594 mihi
1409 553 1574 595 litteras
1601 555 1719 609 legit,

147 640 162 664 ⁵
189 623 318 665 immo
345 637 411 665 me
438 623 606 677 quidem
634 625 807 678 cogente
828 623 1020 676 pluribus
1041 623 1159 677 legit,
1182 637 1301 677 quae,
1322 624 1423 666 licet
1443 625 1593 677 omnia,
1616 638 1721 679 quae

189 698 277 736 ate
311 695 520 745 dicuntur,
553 707 651 736 uere
683 695 872 736 miranda
904 695 1001 745 sint,
1036 708 1170 749 usque
1205 708 1369 749 quaque
1402 696 1580 738 miratus
1615 709 1721 738 sum.

189 767 393 808 sermonis
427 766 535 807 enirn
570 766 702 807 diuini
730 766 863 821 gratia
894 766 1114 807 humiliter
1145 769 1314 808 tumens
1348 766 1484 818 facile,
1513 769 1560 808 ut
1586 768 1721 821 place-

187 840 263 887 ret,
286 838 478 879 emeruit.
503 837 599 879 hinc
628 837 735 879 enim
762 836 990 891 plurimum
1019 837 1192 890 placuit,
1214 837 1323 891 quod
1345 837 1527 880 hominis
1549 851 1719 893 gressus

188 909 402 963 aliquanto
447 909 680 950 titubantes
724 908 821 950 boni
866 908 1073 962 propositi
1117 908 1403 951 exhortatione
1449 911 1635 951 statuere
1681 911 1723 951 et

131 997 162 1022 10
187 979 351 1022 firmare
389 980 620 1022 contendis.
657 982 722 1021 est
759 979 867 1021 enim
907 980 1028 1021 nobis
1068 991 1162 1020 cum
1204 979 1348 1021 eodem
1395 980 1604 1022 cotidiana
1648 993 1720 1035 pro

187 1051 350 1093 uiribus
383 1051 538 1093 nostris
567 1053 607 1093 et
639 1064 710 1105 pro
743 1051 900 1105 ingenii
931 1053 1179 1104 paupertate
1213 1051 1461 1104 disputatio,
1491 1054 1658 1093 sanctae
1686 1052 1722 1094 si

189 1122 357 1175 quidem
390 1123 537 1164 matris
571 1122 662 1164 eius
695 1122 932 1176 precatione
966 1123 1213 1175 compulsus
1248 1135 1347 1163 cura
1378 1122 1482 1164 mihi
1522 1126 1587 1164 est
1625 1136 1721 1165 eum

186 1193 446 1246 frequentius
480 1193 705 1244 salutandi,
738 1193 841 1235 licet
872 1193 1011 1235 uicem
1043 1193 1084 1234 in
1120 1193 1195 1235 hac
1233 1194 1351 1247 parte
1389 1193 1560 1235 reddere
1594 1194 1719 1236 etiam

186 1266 276 1319 ipse
304 1254 508 1320 dignatur.
536 1268 707 1319 accepta
733 1267 873 1307 autem
900 1265 1234 1307 uenerabilitatis
1262 1267 1359 1307 tuae
1380 1265 1563 1320 epistula
1581 1266 1722 1317 homo,

129 1351 160 1376 15
190 1337 261 1390 qui
300 1349 323 1378 a
360 1349 483 1378 uerae
522 1336 619 1378 fidei
658 1336 890 1379 stabilitate
929 1336 1176 1384 multorum,
1210 1349 1387 1389 quorum
1427 1336 1467 1378 in
1509 1335 1586 1378 hac
1620 1337 1722 1378 urbe

191 1408 310 1462 copia
336 1411 413 1458 est,
441 1407 710 1462 persuasione
736 1410 973 1459 reuocatur‚
999 1408 1059 1449 ita
1085 1410 1226 1449 motus
1256 1410 1333 1458 est,
1357 1410 1418 1459 ut,
1440 1408 1489 1458 si,
1517 1410 1722 1462 quantum

476 1546 552 1581 cod.
582 1545 915 1581 Cheltenhamensis
940 1547 1042 1579 2173
1065 1555 1092 1580 s.
1120 1546 1168 1581 X.

473 1606 549 1640 cod.
577 1605 795 1650 Reyinensis
821 1608 892 1640 331
916 1616 944 1639 s.
971 1605 1021 1641 X.

471 1664 547 1699 cod.
574 1664 813 1699 Monacensis
842 1666 949 1698 6266
973 1674 1000 1698 s.
1028 1663 1076 1698 X.

469 1723 546 1759 cod.
572 1724 980 1767 Audomaropolitanus
1009 1725 1069 1766 76,
1099 1725 1134 1763 8,
1163 1724 1186 1756 9
1210 1733 1238 1757 ε.
1265 1722 1427 1758 X-XI.

470 1783 546 1817 coll.
577 1783 788 1817 casinensis
813 1781 893 1816 16¹⁹
917 1794 945 1817 s.
972 1781 1046 1816 XI.

471 1843 547 1877 cod.
574 1842 774 1876 Parisinus
799 1853 884 1876 nou.
914 1852 991 1885 aeq.
1019 1843 1119 1875 1444
1144 1851 1172 1877 s,
1200 1841 1273 1875 XI.

471 1902 547 1936 cod.
573 1901 675 1936 Mus.
701 1901 798 1935 Brit.
824 1901 913 1946 Rey.
944 1902 966 1934 5
992 1900 1031 1935 D
1064 1900 1119 1934 VI
1143 1911 1171 1935 s.
1200 1899 1411 1934 ΧΙ-ΧΙΙ,

328 1546 376 1938 ωᾞοκξεω

400 1918 443 1931 ΙΙ
400 1859 443 1871 ΙΙ
399 1800 442 1812 ΙΙ
400 1740 443 1752 ΙΙ
401 1680 443 1693 Η
402 1622 446 1635 ΙΙ
404 1562 448 1576 ll

0 1984 6 2088 ἰ
233 2020 254 2053 2
280 2019 502 2064 nimiumque
519 2017 707 2053 MACPR
727 2017 806 2052 edd.
881 2016 1084 2052 uenenrbili
1104 2016 1211 2061 (sicl)
1231 2016 1267 2050 P
1339 2019 1375 2051 et
1401 2016 1437 2051 in
1464 2016 1629 2051 omnibus
1655 2017 1719 2051 CP

1 2090 18 2142 2
185 2078 206 2112 3
234 2078 334 2112 fratri
359 2078 395 2112 P
446 2079 468 2112 4
494 2077 638 2112 iniustis
671 2077 704 2111 T
772 2077 857 2121 legi,
883 2088 927 2110 m.
955 2078 981 2110 2
1005 2076 1098 2121 legit
1126 2076 1157 2110 O
1210 2078 1230 2111 5
1257 2075 1398 2110 scilicet
1422 2075 1609 2111 MACPR
1635 2075 1715 2110 edd.

0 2144 5 2219 l

179 2141 329 2182 praeter
354 2137 367 2171 l
439 2138 459 2171 6
486 2137 585 2180 uere]
614 2147 690 2170 curn
718 2147 801 2171 uere
827 2136 864 2170 R
889 2146 924 2169 m
950 2136 1035 2180 quia
1061 2146 1143 2170 uere
1171 2138 1248 2170 cett.
1275 2135 1355 2170 edd.
1462 2137 1548 2169 sunt
1573 2135 1607 2168 A
1634 2134 1715 2171 edd.

177 2201 328 2242 praeter
352 2209 385 2231 m
459 2207 646 2242 usquaque
671 2196 704 2230 T
751 2197 769 2230 7
798 2196 851 2241 ut]
881 2198 917 2230 et
943 2195 991 2229 M
1015 2198 1074 2231 (m.
1103 2197 1128 2229 2
1152 2196 1206 2238 ut)
1232 2195 1267 2229 A
1341 2195 1482 2239 placere
1508 2196 1544 2229 te
1571 2194 1714 2233 meruit,

185 2267 228 2291 m.
256 2258 282 2291 2
306 2256 464 2302 placeret
491 2256 642 2290 emeruit
667 2255 749 2289 MP
772 2255 914 2300 placere
941 2257 979 2288 te
1005 2254 1137 2288 meruit
1162 2255 1197 2289 A
1332 2254 1353 2287 8
1379 2253 1535 2301 hominis
1560 2253 1592 2294 (s
1619 2263 1663 2286 m.
1691 2254 1716 2286 2

185 2315 286 2358 add.)
307 2326 478 2359 agressus.
498 2314 620 2357 fuisse
644 2314 720 2348 uid.
746 2313 884 2347 homini
906 2324 1070 2358 egressus
1085 2313 1120 2347 P
1143 2312 1280 2347 homini
1301 2323 1466 2357 egressus
1485 2312 1514 2345 C
1531 2312 1715 2346 hominum

185 2384 347 2418 egressus
367 2374 412 2408 M
438 2377 527 2417 (ras.
548 2373 684 2407 bomini
711 2374 890 2416 egressus)
910 2372 946 2406 A
965 2372 1149 2406 hominum
1171 2382 1315 2416 gressus
1335 2371 1370 2406 R
1420 2372 1441 2405 9
1463 2370 1507 2405 ad
1529 2370 1716 2415 aliquanta

183 2432 376 2467 titubantis
396 2432 469 2467 ET
495 2433 555 2477 qui
583 2432 809 2476 aliquantum
835 2430 1000 2466 titubant
1025 2430 1213 2476 aliquanto
1234 2430 1434 2464 titubantes
1454 2429 1502 2463 M
1521 2432 1578 2470 (m.
1601 2432 1626 2462 2
1646 2428 1713 2464 del.

184 2492 366 2537 aliquanto
385 2492 603 2533 titubantes)
620 2490 724 2526 ACR
745 2491 829 2535 quia
848 2491 1071 2535 aliquantum
1086 2490 1248 2524 titubant
1263 2489 1450 2533 aliquanto
1464 2488 1667 2522 titubantes
1683 2486 1718 2520 P

231 2551 497 2586 exhortationes
517 2552 552 2585 A
605 2550 647 2584 10
667 2550 818 2584 formare
838 2548 1026 2583 MACPR
1085 2549 1125 2583 ll
1148 2547 1344 2593 dispotatio
1371 2547 1402 2580 Τ
1454 2547 1494 2580 13
1515 2544 1712 2589 salutandi]

182 2609 362 2644 salutandi
384 2610 502 2654 gratia
522 2609 711 2643 conuenire
732 2608 811 2643 edd.
888 2608 997 2642 etiam
1015 2608 1044 2651 1,
1070 2618 1116 2641 m.
1137 2609 1162 2640 2
1188 2606 1296 2640 etiarn
1325 2605 1355 2639 si
1372 2605 1411 2639 Ε
1460 2605 1502 2639 14
1529 2603 1712 2647 dignatur,

183 2679 225 2702 m.
255 2671 279 2702 2
305 2668 475 2713 dignetur
501 2669 536 2702 P
561 2667 732 2712 dignetur
757 2667 837 2702 edd.
963 2668 1004 2701 15
1032 2666 1093 2711 qui
1121 2677 1152 2707 a,
1178 2677 1223 2700 m.
1252 2667 1277 2699 2
1303 2665 1362 2710 qui
1389 2664 1432 2698 ad
1462 2663 1500 2697 E
1523 2663 1606 2707 quia
1636 2660 1717 2695 TM

183 2737 288 2784 (corr.
317 2728 377 2772 qui
404 2730 437 2761 al
464 2727 537 2762 ΑΡ
562 2731 621 2769 (m.
649 2729 674 2761 2
700 2727 760 2772 qui
787 2729 820 2769 a)
917 2736 1001 2760 uere
1028 2726 1111 2759 fidei
1132 2724 1208 2759 ET
1232 2725 1306 2758 ueri
1334 2723 1392 2757 dei
1417 2721 1607 2757 MACPR
1632 2719 1712 2755 edd.

231 2786 435 2821 stabilitate
463 2797 543 2820 cum
571 2796 642 2820 ras.
669 2796 778 2830 super
804 2796 822 2819 e
848 2784 930 2819 MP
955 2784 1195 2818 stabilitatem
1224 2782 1332 2816 ETA
