1924 3122
142 1000 174 1023 10

139 1355 170 1378 15

720 216 1070 259 epistularum
1111 215 1212 250 CXL.
1647 220 1728 259 173

201 358 222 385 a
255 344 421 386 Christo
455 344 530 385 filii
564 344 793 385 hominum.
834 356 912 384 non
955 344 1064 385 enim
1097 346 1187 385 sine
1227 357 1353 386 causa
1397 345 1727 386 familiarissime

200 416 393 456 dominus
426 415 466 455 in
501 414 718 468 euangelio
753 427 798 455 se
831 414 965 455 filium
1001 415 1181 456 hominis
1214 415 1318 456 dicit
1344 416 1479 471 magis
1507 429 1632 469 quam
1659 418 1728 458 ho-

200 486 356 527 minem
388 499 463 527 nec
498 486 588 527 sine
621 498 749 526 causa
783 485 821 526 in
856 484 936 526 alio
970 486 1153 538 psalmo:
1189 486 1439 530 Homines.
1481 487 1632 540 inquit,
1679 492 1729 528 et

200 557 420 598 iumenta
448 557 620 599 saluos
653 557 827 606 facies,
862 557 1075 606 domine,
1104 557 1238 598 sicut
1269 558 1619 611 multiplicata
1652 562 1728 600 est

200 628 552 670 misericordia
596 630 697 672 tua,
739 627 873 668 deus.
921 628 994 669 abs
1028 637 1069 668 te
1116 629 1269 681 quippe
1316 629 1440 669 etiam
1485 630 1568 670 ista
1614 630 1729 670 salus

199 699 439 740 hominibus
472 699 753 752 iumentisque
788 699 1037 740 communis.
1073 699 1146 740 sed
1179 700 1333 740 habent
1366 700 1489 740 aliam
1537 701 1727 741 homines

198 771 295 811 noui
330 771 535 823 propriam
572 770 775 823 quandam
811 776 852 812 et
879 783 901 811 a
926 770 1210 811 iumentorum
1238 771 1447 812 consortio
1477 775 1727 824 separatam,

199 856 302 895 quae
348 841 398 883 ad
442 855 598 883 nouum
643 841 825 895 pertinet
867 845 1183 891 testamentum,
1217 842 1371 883 habent
1404 843 1588 891 omnin03
1634 856 1727 884 nam

199 914 248 954 de
286 915 360 955 illa
404 914 560 955 ibidem
606 914 798 966 sequitur
843 916 884 954 et
929 913 1046 954 dicit:
1090 913 1211 954 Filii
1257 918 1424 954 autem
1466 914 1727 955 hominum

201 986 289 1026 sub
364 985 588 1039 tegmine
646 986 836 1026 alarum
892 987 1090 1025 tuarum
1154 985 1452 1038 sperabunt:
1519 985 1726 1025 inebria-

198 1057 384 1097 buntur
411 1057 468 1097 ab
498 1057 737 1098 ubertate
772 1056 944 1097 domus
973 1060 1087 1097 tuae
1116 1058 1163 1096 et
1189 1058 1413 1098 torrente
1442 1056 1726 1108 uoluptatis

198 1131 311 1169 tuae
369 1128 569 1181 potabis
627 1140 722 1177 eos,
781 1127 1017 1180 quoniam
1068 1127 1198 1180 apud
1237 1131 1282 1168 te
1334 1127 1442 1168 fons
1478 1127 1627 1176 uitae,
1678 1128 1724 1168 in

198 1200 384 1240 lumine
447 1203 531 1240 tuo
596 1199 879 1240 uidebimus
948 1199 1131 1240 lumen.
1204 1202 1314 1239 certe
1379 1200 1421 1239 et
1487 1197 1575 1248 hic,
1633 1211 1727 1239 cum

198 1271 390 1323 superius
441 1270 615 1311 dixisset
665 1271 929 1319 ‘homines'‚
981 1270 1191 1323 posterius
1244 1270 1346 1310 «lixit
1396 1270 1511 1310 ‘filii
1564 1272 1727 1310 autem

199 1342 395 1382 hominu
409 1346 461 1381 m'
489 1349 703 1395 tamquam
733 1341 996 1395 distinguens
1024 1341 1073 1382 ab
1103 1341 1345 1381 hominibus
1367 1341 1475 1381 filios
1498 1340 1727 1381 hominum.

197 1414 236 1453 in
288 1413 360 1453 illa
406 1414 559 1466 quippe
611 1413 812 1453 felicitate
865 1413 956 1453 eius
1010 1413 1175 1455 salutis.
1222 1425 1327 1464 quae
1379 1412 1614 1453 communis
1665 1416 1729 1452 est

198 1484 439 1525 hominibus
474 1487 514 1523 et
547 1484 760 1528 iumentis.
795 1496 841 1525 eo
876 1484 1042 1524 nomine
1074 1484 1171 1524 illos
1211 1484 1421 1536 appellare
1460 1483 1611 1524 uoluit.
1646 1495 1727 1535 quo

198 1556 583 1596 demonstrarentur
627 1555 676 1595 ad
721 1555 841 1595 illum
885 1554 1067 1607 primum
1122 1554 1330 1595 hominem
1382 1554 1601 1606 pertinere,
1647 1566 1727 1606 quo

197 1632 388 1666 uetustas
423 1626 560 1678 eoepit
593 1631 634 1667 et
666 1639 791 1667 mors.
820 1626 892 1678 qui
926 1626 986 1666 sio
1022 1626 1099 1666 fuit
1126 1626 1266 1675 honio,
1294 1628 1342 1666 ut
1369 1638 1446 1665 non
1476 1627 1589 1666 esset
1616 1624 1727 1665 filius

137 1712 152 1732 ι’
197 1698 396 1740 hominis:
430 1697 524 1738 istis
558 1702 697 1738 autem
731 1697 1051 1749 posterioribus,
1085 1698 1157 1749 qui
1192 1699 1361 1750 sperant
1394 1696 1518 1736 aliam
1552 1696 1728 1736 felicita-

195 1772 279 1810 tem
310 1771 351 1809 et
377 1769 504 1809 fontis
532 1769 645 1809 uitae
667 1768 918 1809 ineffabilem
942 1769 1205 1821 uoluptatem
1228 1772 1269 1808 et
1290 1767 1533 1820 sempiterni
1553 1767 1727 1807 luminis

198 1841 350 1884 lumen,
380 1839 456 1880 hoe
484 1853 632 1880 nomen
661 1840 861 1892 inposuit,
892 1852 972 1891 quo
1001 1852 1044 1880 se
1071 1839 1322 1879 familiarius
1356 1838 1559 1892 appellari
1593 1837 1729 1878 uoluit

197 1911 392 1950 «lominus
426 1923 582 1958 eorum,
615 1910 655 1950 in
689 1923 770 1963 quo
803 1910 900 1950 talis
935 1910 1069 1963 gratia
1101 1909 1285 1950 reuelata
1319 1911 1395 1957 est,
1431 1921 1586 1961 eosque
1618 1908 1726 1949 filios

196 1981 411 2022 hominum
445 1981 587 2034 potius
622 1994 746 2033 quam
780 1981 970 2022 homines
1004 1981 1249 2034 appellauit.

315 2168 335 2201 2
362 2166 492 2200 Matth.
523 2167 576 2207 17,
604 2167 641 2203 9;
673 2167 732 2207 12;
762 2166 806 2200 22
834 2167 878 2200 nl.
954 2168 991 2207 3;
1021 2168 1040 2199 9
1069 2166 1115 2200 Ps
1155 2167 1210 2205 35,
1240 2166 1355 2200 7—10

243 2285 264 2317 2
291 2284 402 2318 filium
432 2295 468 2317 se
495 2283 538 2317 N
609 2295 713 2328 quam
742 2284 924 2317 hominum
953 2285 1057 2324 (corr.
1085 2283 1281 2327 hominem)
1307 2283 1340 2316 L
1408 2283 1428 2317 3
1456 2283 1573 2327 inquit
1600 2294 1666 2316 om.
1689 2281 1728 2315 N

194 2344 216 2377 4
243 2343 362 2377 saluos
391 2343 514 2387 facies]
544 2342 702 2376 saluabis
727 2342 769 2376 N
790 2354 855 2376 sec.
892 2342 994 2386 Vuly.
1095 2342 1346 2387 multiplacita,
1375 2353 1417 2375 m.
1439 2344 1457 2375 1
1484 2352 1575 2376 corr.
1603 2340 1724 2374 inulti-

196 2401 329 2445 plicata
361 2401 392 2434 Τ
462 2402 482 2434 6
511 2402 722 2446 communis]
752 2408 806 2434 est
833 2401 1031 2434 communis
1066 2400 1095 2434 T
1191 2400 1261 2434 alia
1289 2399 1357 2433 LO
1449 2400 1467 2433 7
1496 2398 1539 2432 ad
1569 2398 1604 2434 (ιί
1633 2400 1725 2441 exp.)

201 2460 233 2494 T
329 2461 371 2494 10
398 2487 548 2496 .......
564 2460 782 2494 buntur—in
809 2460 896 2494 lurni
913 2487 943 2493 ..
971 2460 1012 2493 in
1039 2470 1110 2495 ras.
1134 2459 1363 2493 breuioribus
1389 2458 1519 2493 litteris
1546 2457 1582 2490 in
1612 2468 1722 2490 unum

195 2519 412 2553 uersiculum
439 2530 482 2552 m.
512 2521 530 2551 1
558 2529 759 2562 compressa
791 2518 820 2551 0
945 2519 981 2551 11
1013 2518 1212 2551 uoluntatis
1244 2518 1311 2551 OT
1427 2518 1468 2550 12
1497 2515 1638 2559 potabis
1664 2527 1723 2549 eos

195 2588 263 2611 om.
294 2577 324 2611 O
419 2580 455 2610 te
483 2580 538 2610 est
564 2577 644 2610 fons
675 2577 782 2611 ()GN
809 2577 887 2611 edd.
915 2588 980 2611 sec.
1015 2577 1117 2621 Vuly.
1229 2580 1325 2613 uote.
1353 2588 1396 2609 m.
1429 2579 1443 2608 1
1472 2585 1561 2608 corr.
1591 2575 1663 2607 uite.
1691 2574 1723 2606 L

243 2637 293 2679 inl
322 2639 358 2670 et
383 2637 417 2669 in
447 2636 560 2670 GNT
583 2636 660 2670 edd.
687 2647 752 2670 sec.
789 2636 889 2680 ναῖς.
993 2637 1032 2669 13
1056 2640 1138 2679 post
1165 2638 1201 2669 et
1228 2647 1299 2669 ras.
1327 2637 1426 2668 2—.‘›’
1453 2634 1473 2667 l.
1504 2633 1534 2666 L
1644 2643 1721 2665 cuni

195 2705 274 2735 om.‚
306 2707 350 2729 m.
385 2698 410 2729 2
441 2694 526 2730 adel.
565 2695 596 2729 Τ
719 2697 757 2729 14
792 2694 880 2729 dicit
917 2694 947 2727 Ο
1070 2696 1112 2728 Ῑῖ)
1143 2693 1561 2739 tamquam—hominum
1596 2702 1662 2725 om.
1694 2693 1723 2721 (Ι

243 2756 388 2797 tamque
414 2754 450 2789 R
544 2755 586 2788 18
615 2765 694 2798 qu0‚
721 2766 765 2788 m.
793 2757 818 2787 2
845 2766 865 2787 a
891 2765 959 2798 quo
990 2753 1023 2788 G
1116 2754 1156 2787 21
1189 2755 1287 2787 sonte
1314 2752 1355 2785 N
1448 2751 1492 2784 23
1520 2750 1659 2783 illorum
1689 2750 1720 2783 G

243 2812 278 2846 in
306 2824 394 2857 quos
421 2813 499 2847 edd.
577 2814 621 2847 24
649 2813 804 2846 hominis
834 2814 864 2847 Ο
962 2813 1083 2857 quani]
1111 2824 1149 2856 q:
1177 2812 1212 2846 R
