1952 3118
191 340 246 381 26

281 217 363 258 372
753 220 785 250 ὅ.
827 217 1007 251 Aureli
1045 217 1334 260 Augustini

339 346 449 387 Hinc
486 345 583 387 iam.
629 359 679 387 ne
725 347 886 388 umbris
919 347 1125 389 Iudaismi
1171 348 1438 390 seducantur.
1486 348 1697 402 adiungit:
1751 350 1802 389 In

281 430 379 470 quo
438 417 598 458 etiam
657 418 976 459 circumcisi
1034 420 1171 460 estis
1226 419 1650 460 circumcisione
1708 433 1802 461 non

278 501 429 529 manu
463 489 609 529 facta
642 489 691 529 in
726 489 1100 542 expoliatione
1136 489 1380 542 corporis
1415 490 1596 531 carnis
1630 516 1686 519 —
1719 492 1803 539 uel,

281 559 393 601 sicut
432 560 561 612 aliqui
604 560 774 610 habent,
819 561 868 601 in
915 561 1290 614 expoliatione
1337 562 1582 614 corporis
1628 574 1804 615 pecca-

278 634 454 672 torum
502 631 679 672 carnis
713 657 784 681 —-.
818 632 868 672 in
904 632 1327 673 circumcisione
1372 632 1580 673 Christi
1629 645 1805 673 conse-
1850 650 1865 673 5

279 702 423 755 pulti
471 703 514 743 ei
562 703 611 743 in
654 702 1001 755 baptismum.
1049 704 1097 745 in
1139 717 1238 756 quo
1279 706 1330 744 et
1369 704 1805 745 consurrexistis

278 786 370 826 per
402 773 565 814 fidem
602 774 946 827 operationis
981 775 1078 825 dei,
1115 774 1203 826 qui
1247 775 1554 815 suscitanit
1593 775 1749 815 illum
1785 789 1805 815 a

279 845 525 887 mortuis.
572 845 682 895 uide,
730 859 854 898 quem
894 845 943 886 ad
978 846 1151 887 modum
1187 847 1228 886 et
1259 846 1327 887 hic
1361 858 1511 899 corpus
1547 845 1703 887 Christi
1736 858 1806 887 eos

279 916 480 962 ostendit,
526 919 574 957 ut
618 917 701 957 ista
746 920 1028 959 contemnant.
1076 918 1345 958 cohaerentes
1389 919 1507 958 tanto
1548 917 1675 969 capiti
1715 930 1805 958 suo.

277 987 500 1028 mediatori
535 987 597 1028 dei
633 990 673 1028 et
706 987 925 1029 hominum
954 987 1120 1029 Christo
1148 988 1259 1037 Iesu,
1295 991 1335 1029 et
1366 981 1529 1029 nullum
1557 988 1710 1029 falsum
1738 988 1806 1029 uel

279 1058 515 1100 inualidum
548 1059 749 1108 medium.
783 1072 856 1111 per
889 1059 1001 1112 quod
1034 1059 1109 1100 deo
1146 1060 1406 1109 cohaereant.
1440 1059 1712 1112 requirentes.
1759 1065 1806 1100 et

279 1143 388 1180 uos,
422 1130 574 1183 inquit.
611 1143 723 1171 cum
759 1131 961 1171 essetis
994 1131 1195 1172 mortui
1228 1131 1277 1171 in
1319 1130 1546 1171 delictis
1582 1134 1631 1171 et
1663 1143 1804 1183 prae-

278 1202 432 1255 putio
468 1202 647 1242 carnis
681 1204 900 1243 uestrae
936 1227 991 1231 ——
1025 1202 1298 1256 praeputium
1325 1202 1512 1251 uocauit,
1541 1201 1652 1255 quod
1679 1202 1807 1255 signi-

278 1272 427 1314 ficatur
458 1273 693 1326 praeputio,
728 1274 805 1314 hoc
841 1276 905 1314 est
944 1273 1095 1314 delicta
1136 1273 1328 1324 carnalia.
1375 1273 1528 1326 quibus
1574 1273 1807 1325 expoliandi

280 1356 426 1385 sumus
462 1370 531 1387 —.
565 1344 908 1393 uiuificauit.
942 1344 1094 1398 inquit,
1131 1358 1244 1386 cum
1278 1345 1377 1385 illo
1413 1344 1613 1386 donans
1648 1344 1804 1385 uobis

280 1417 450 1457 omnia
503 1416 722 1457 delicta.
776 1417 976 1458 delens.
1024 1417 1162 1469 quod
1215 1417 1483 1458 aduersus
1533 1429 1625 1457 nos
1679 1418 1805 1464 erat,

279 1487 702 1541 chirographum
741 1488 790 1528 in
826 1487 1078 1528 decretis.
1127 1487 1265 1540 quod
1313 1490 1425 1528 erat
1472 1486 1807 1528 contrarium

277 1559 431 1599 nobis
465 1583 521 1587 —
549 1559 647 1612 quia
678 1571 770 1600 reos
802 1559 883 1599 lex
917 1559 1112 1608 faciebat.
1149 1571 1253 1612 quae
1288 1559 1716 1608 subintrauerat,
1750 1563 1807 1598 ut

278 1629 581 1671 abundaret
632 1630 896 1671 delictum
950 1656 1018 1680 —‚
1069 1630 1291 1679 tollens,
1341 1630 1491 1683 inquit.
1549 1629 1691 1670 illud
1749 1628 1806 1669 de

278 1701 451 1743 medio
505 1706 555 1741 et
607 1701 847 1755 affigens
899 1701 1040 1742 illud
1092 1702 1255 1751 cruci,
1309 1714 1503 1742 exuens
1550 1713 1602 1741 se
1648 1713 1804 1741 carne

277 1772 631 1825 principatus
660 1775 710 1812 et
736 1774 1049 1825 potestates
1086 1772 1419 1825 exemplauit
1454 1771 1806 1813 fiducialiter

277 1843 619 1896 triumphans
667 1855 754 1884 eos
800 1843 846 1883 in
884 1845 1053 1884 semet
1092 1843 1223 1896 ipso.
1269 1856 1350 1884 non
1383 1843 1531 1896 utique
1564 1843 1696 1884 bonos
1732 1843 1805 1884 sed

277 1914 411 1955 malos
445 1914 706 1968 principatus
753 1920 794 1955 et
839 1915 972 1955 malas
1017 1916 1252 1968 potestates
1293 1914 1521 1956 diabolicas
1562 1914 1725 1956 scilicet
1765 1917 1804 1955 et

278 1985 570 2027 daemoniacas
618 1986 887 2038 exemplauit.
926 1986 968 2026 id
1009 1989 1073 2026 est
1107 1986 1345 2037 exemplum
1379 1985 1428 2026 de
1461 1985 1546 2026 illis
1581 1985 1708 2027 dedit.
1743 1995 1802 2036 ut,

400 2101 434 2142 1;
465 2103 524 2143 ll:
555 2102 617 2143 153
648 2103 689 2136 19
717 2102 792 2137 Col.
819 2103 851 2145 2,
881 2103 1019 2135 11-*15
1124 2102 1144 2136 «S
1171 2102 1260 2147 Eph.
1292 2104 1320 2138 l.
1348 2102 1506 2135 22—223:
1534 2103 1566 2142 4,
1596 2102 1655 2135 152
1684 2104 1715 2137 ἵ).
1743 2102 1802 2137 223:

278 2160 351 2195 Col.
382 2162 411 2202 1,
443 2161 484 2194 18
561 2161 604 2195 10
631 2161 647 2195 1
674 2161 764 2195 Tim.
793 2161 824 2200 ⁸2.
853 2162 872 2193 Γ)
949 2162 992 2196 is
1021 2162 1119 2196 Rom.
1149 2164 1180 2205 5,
1207 2162 1252 2195 *ΞΟ

324 2233 344 2266 :3
379 2232 637 2276 expoliatione*
669 2232 712 2266 H
869 2234 1026 2277 corporis
1058 2236 1286 2277 peccatorum
1319 2233 1433 2267 carnis
1466 2232 1502 2266 in
1537 2232 1804 2266 circumcisione

277 2302 346 2324 11011
373 2302 479 2325 manu
506 2291 603 2325 facta
628 2292 663 2325 in
692 2292 932 2337 expoliatione
960 2292 1116 2336 corporis
1145 2293 1259 2325 carnis
1286 2292 1344 2326 uel
1370 2291 1444 2335 (sed
1469 2294 1695 2336 peccatorum
1717 2295 1749 2325 et
1768 2291 1802 2324 in

278 2351 713 2385 circumcisione—-carnis
740 2355 848 2394 eras.)
875 2351 918 2386 K
1001 2353 1020 2385 ἵ)
1048 2352 1083 2385 111
1111 2363 1176 2386 om..
1205 2351 1327 2385 HMA
1413 2352 1432 2384 6
1460 2351 1527 2384 eils's
1589 2353 1678 2394 (rus.
1706 2353 1803 2383 ,2-ἑί

279 2410 361 2452 litt)
389 2409 432 2443 H
534 2410 567 2443 in
597 2409 828 2454 baptismum,
855 2422 897 2444 m.
927 2415 944 2444 1
971 2410 1017 2454 (ΡΤ)
1045 2421 1135 2445 corr.
1163 2411 1197 2444 in
1226 2411 1406 2455 baptismo
1438 2411 1470 2445 G
1498 2422 1559 2454 per
1584 2410 1802 2453 baptismum

278 2469 322 2502 Ζι·
349 2470 382 2501 111
410 2468 590 2513 baptismo
618 2480 651 2502 m
681 2478 747 2502 sec.
781 2480 873 2503 sacr.
909 2470 976 2504 litt.
1125 2470 1384 2503 C**su1·1'existis
1418 2469 1447 2501 V
1474 2468 1733 2502 &resurrexistis
1760 2468 1805 2501 M

278 2533 297 2556 N
325 2527 418 2567 uide,
446 2538 536 2562 corr.
564 2527 646 2561 uide
674 2527 716 2561 K
814 2528 856 2562 10
883 2528 1093 2562 mediatoris
1120 2531 1149 2570 (s
1177 2540 1220 2562 m.
1248 2533 1266 2561 1
1297 2528 1378 2571 del.)
1409 2528 1441 2562 G
1467 2528 1654 2571 mediator,
1676 2531 1762 2570 post
1787 2538 1803 2559 r

270 2598 400 2630 parua
427 2598 497 2621 ras.
526 2598 598 2621 esse
621 2587 698 2621 uid.
721 2587 762 2621 H
812 2589 854 2621 14
883 2588 1039 2621 carnalia
1067 2587 1200 2622 delicta
1229 2587 1261 2622 G
1313 2589 1355 2621 15
1382 2588 1485 2621 nobis
1512 2590 1544 2621 A
1599 2588 1639 2620 16
1667 2587 1801 2621 dolens.

276 2657 319 2679 m.
350 2648 373 2679 :2
399 2645 523 2679 delens
553 2646 587 2680 G
661 2646 849 2680 aduersum
876 2647 918 2680 H
997 2659 1069 2683 eos.
1097 2659 1140 2681 m.
1169 2650 1187 2680 1
1216 2658 1307 2681 corr.
1334 2659 1398 2680 nos
1434 2647 1463 2678 V
1513 2647 1554 2680 is
1583 2646 1696 2681 nobis.
1720 2658 1761 2679 m.
1784 2649 1802 2679 1

276 2714 367 2739 corr.
394 2704 469 2739 uid.
498 2705 602 2739 nobis
623 2705 667 2738 II
712 2706 757 2740 20
784 2706 876 2739 cruci
905 2709 941 2739 et
967 2718 1096 2740 exuens
1124 2706 1156 2739 V
1229 2711 1332 2740 carne
1361 2706 1462 2740 codd.
1491 2706 1546 2747 (in
1566 2705 1613 2738 ΠΙ
1631 2723 1673 2732 fv
1695 2707 1801 2745 eras.)

277 2773 417 2796 carnem
441 2764 569 2807 aefL:
589 2765 690 2807 Cf-p.
712 2766 801 2800 3752).
822 2769 840 2797 1
889 2766 930 2798 ’21
957 2768 1148 2809 potestate.
1171 2775 1263 2799 corr.
1283 2766 1474 2809 potestatis
1496 2764 1537 2797 K
1556 2764 1747 2808 potcstatis
1767 2765 1800 2796 A

276 2822 321 2855 ‘22
337 2833 397 2856 eos
412 2834 478 2857 om.
497 2823 538 2856 K
596 2823 640 2857 23
657 2826 787 2868 etpost
800 2825 938 2858 scilicet
953 2835 1019 2860 om.
1035 2825 1077 2858 K
1131 2825 1175 2859 ⁶24
1192 2824 1431 2859 demoniacas.
1448 2837 1489 2859 m.
1506 2826 1530 2857 2
1546 2823 1748 2858 demonic-as
1767 2823 1799 2857 G

1834 1006 1866 1029 10

1832 1715 1866 1740 ‘20
