1924 3122
180 976 213 1001 10

178 1331 211 1356 15

745 192 1102 237 epistularum
1136 192 1272 228 CXXX.
1719 198 1773 237 53

301 321 498 363 Placetne
530 321 672 375 igitur,
706 324 754 363 ut
786 334 912 375 super
943 323 1122 364 salutem
1156 323 1283 364 istam
1315 324 1589 377 temporalem
1630 327 1776 378 optent

243 391 323 433 sibi
369 405 415 433 ac
461 392 548 434 suis
594 392 770 433 honores
817 395 858 433 et
901 395 1164 446 potestates?
1211 406 1323 444 sane,
1370 394 1419 444 si,
1464 397 1511 435 ut
1556 408 1628 448 per
1672 396 1774 437 haec

241 463 461 505 consulant
493 463 567 513 eis,
601 463 670 516 qui
705 463 858 504 uiuunt
890 463 967 505 sub
1002 463 1075 515 eis,
1110 476 1188 504 non
1223 467 1391 518 propter
1428 466 1530 507 haec
1569 466 1661 520 ipsa
1700 466 1773 508 sed

239 537 407 588 propter
439 534 566 577 aliud.
601 535 712 588 quod
743 534 837 575 inde
871 535 917 575 fit
949 535 1119 586 bonum,
1155 535 1275 577 decet
1307 549 1354 578 ea
1385 537 1514 586 uelle;
1556 538 1590 578 si
1630 539 1772 578 autem

238 608 407 659 propter
445 606 609 647 inanen',
649 606 807 646 fastum
848 606 1041 647 elationis
1080 619 1361 660 pompamque
1401 608 1657 661 superfluam
1703 608 1773 650 uel

239 677 366 719 etiam
399 677 562 718 noxiam
597 676 813 726 immtatis,
847 689 926 718 non
960 677 1093 718 decet.
1134 678 1330 731 quocirca
1363 678 1398 720 si
1432 681 1577 732 optant
1611 679 1692 720 sibi
1725 692 1772 720 ac

239 748 327 789 suis
379 748 505 789 etiam
557 747 852 789 sufficientiam
905 761 1043 789 rerum
1094 749 1440 799 necessariarum,
1486 749 1535 791 de
1586 763 1666 803 qua
1711 750 1771 791 sic

239 820 457 873 apostolus
495 819 704 872 loquitur:
746 819 834 860 Est
874 821 1035 860 autem
1077 822 1319 872 quaestus
1360 834 1567 875 magnus
1606 822 1770 874 pietas

239 903 346 931 cum
405 889 744 938 sufficientia;
813 890 940 930 nihil
1003 890 1129 931 enim
1193 890 1461 933 intulimus
1524 892 1571 934 in
1641 891 1769 933 hunc

238 961 469 1003 mundum
522 961 607 1002 sed
657 974 743 1002 nec
802 961 999 1002 auferre
1056 961 1169 1002 hinc
1227 961 1421 1015 aliquid
1478 976 1768 1015 possumus:

238 1032 429 1074 uictum
463 1034 509 1074 et
541 1034 890 1086 tegumentum
926 1032 1165 1074 habentes
1205 1032 1281 1074 his
1323 1034 1548 1075 contenti
1582 1047 1767 1075 sumus.

237 1117 344 1145 nam
390 1104 473 1157 qui
524 1103 704 1146 uolunt
761 1104 951 1145 diuites
1003 1104 1131 1153 fieri,
1176 1104 1410 1146 incidunt
1465 1105 1511 1146 in
1563 1107 1770 1159 tempta-

236 1176 422 1216 tionem
457 1168 503 1217 (Ξῖ
534 1176 768 1229 laqueum
803 1177 852 1217 et
884 1175 1137 1217 desideria
1163 1175 1323 1217 multa
1350 1176 1511 1218 stulta
1538 1178 1585 1217 et
1612 1175 1768 1226 noxia⁷

238 1260 361 1300 quae
400 1249 631 1301 mergunt
668 1246 893 1288 homines
933 1246 980 1287 in
1019 1246 1283 1288 interit-um
1328 1250 1376 1289 et
1413 1247 1767 1301 perditionem²

236 1318 373 1359 radix
413 1318 542 1359 enim
581 1318 797 1360 omnium
837 1318 1078 1360 malorum
1121 1318 1353 1368 auaritia,
1388 1331 1530 1371 quam
1569 1318 1768 1372 quidam

235 1392 532 1443 appetentes
567 1402 590 1430 a
627 1389 730 1430 fide
770 1390 1065 1430 errauerunt
1103 1391 1150 1430 et
1189 1389 1514 1431 inseruerunt
1552 1403 1601 1431 se
1636 1389 1769 1430 dolo-

234 1460 372 1502 ribus
406 1460 596 1510 multis,
616 1460 799 1501 —hanc
827 1473 924 1514 ergo
960 1460 1257 1502 sufficientiam
1285 1473 1363 1502 non
1392 1460 1632 1502 indecenter
1661 1461 1767 1509 uult,

235 1531 426 1584 quisquis
461 1532 554 1571 uult
585 1544 658 1572 nec
700 1531 881 1583 amplius
921 1531 1035 1580 uult;
1075 1531 1260 1584 alioquin
1300 1544 1380 1573 non
1418 1532 1553 1585 ipsam
1595 1531 1688 1573 uult
1726 1535 1767 1573 et

354 1649 374 1675 κ
403 1647 415 1680 l
444 1646 534 1680 Tim.
561 1647 593 1687 6,
621 1646 738 1681 6—10

283 1728 298 1762 1
328 1739 390 1772 per
419 1727 498 1762 0122
595 1730 723 1773 optant
747 1727 783 1761 A
898 1727 919 1760 2
941 1738 999 1763 *ac
1026 1727 1099 1762 suis
1126 1727 1173 1761 M
1196 1730 1296 1762 actus
1323 1726 1374 1762 P2
1494 1728 1584 1762 sin-ut
1617 1727 1650 1762 V
1672 1728 1767 1762 sicut

230 1786 360 1821 MCP²
389 1790 421 1830 (c
447 1792 540 1832 exp.)
568 1787 602 1821 L
701 1787 769 1822 hoc
794 1787 828 1822 L
847 1787 977 1831 flrm
1087 1788 1107 1821 3
1135 1787 1325 1821 consulent
1355 1786 1420 1821 OL
1516 1787 1560 1821 iis
1586 1787 1649 1821 secl
1673 1798 1765 1821 eras.

231 1850 263 1881 ct
290 1846 357 1882 del.
385 1846 426 1880 K
568 1847 680 1887 uiuat,
707 1857 752 1880 m.
780 1849 799 1880 1
830 1857 922 1881 corr.
957 1846 1087 1881 uiuunt
1119 1846 1153 1880 V
1181 1846 1295 1887 uiunt,
1322 1858 1367 1881 m.
1395 1849 1414 1880 1
1446 1857 1537 1881 corr.
1565 1847 1694 1880 uiuunt
1720 1846 1769 1880 M

275 1907 372 1951 ipsas
401 1905 673 1951 HPK(post1·.
702 1906 724 1940 l.
752 1910 860 1948 eras.)
887 1905 1005 1940 P¹IV
1029 1907 1161 1950 (postr.
1189 1906 1211 1940 l.
1239 1908 1334 1950 exp.)
1418 1906 1440 1940 4
1467 1906 1515 1940 sit
1545 1907 1574 1941 O
1671 1906 1764 1940 uelle

230 1977 272 1999 ea
300 1965 330 2000 O
445 1977 485 1999 ea
512 1977 578 2000 om.
607 1964 657 1999 P²
682 1968 718 1999 et
745 1976 787 1999 ea
817 1965 847 1999 C
954 1966 974 1996 ἴ)
1001 1967 1149 2010 propter
1175 1965 1240 2003 bz's.
1270 1966 1424 1999 alterum
1451 1976 1528 2009 eoep.
1562 1965 1596 1998 V
1708 1965 1765 1999 uel

230 2025 352 2069 etiam]
381 2029 400 2059 ᾗ
428 2025 498 2059 iam
524 2023 576 2059 P²
649 2026 669 2059 6
696 2025 835 2058 noxiam
863 2024 909 2059 M
932 2024 957 2068 (i
985 2030 1090 2066 eras.)
1118 2024 1170 2058 Ρ2
1194 2025 1219 2068 (i
1246 2028 1340 2068 (περ.)
1440 2026 1528 2069 non]
1555 2025 1687 2059 habere
1714 2024 1766 2058 1'2

277 2084 466 2129 quodcirca
493 2085 527 2118 A
625 2086 729 2129 optat
754 2083 909 2117 HPP¹I
931 2086 1033 2128 optet
1067 2083 1099 2117 V
1192 2083 1260 2118 hac
1286 2083 1323 2128 (h
1351 2085 1444 2128 ηρ.)
1470 2082 1520 2118 P²
1594 2085 1613 2118 7
1641 2095 1762 2118 neces—

228 2144 422 2178 sariuarum
449 2146 485 2187 (ἡ
511 2145 604 2187 eoep.)
631 2142 681 2177 Ρ2
771 2144 792 2177 8
819 2146 883 2177 aut
907 2153 1016 2186 super
1041 2153 1116 2177 ras.
1143 2154 1188 2176 m.
1217 2146 1240 2177 3
1266 2143 1314 2177 Pl
1342 2143 1436 2177 enim
1463 2142 1498 2177 L
1583 2144 1604 2177 9
1631 2144 1667 2177 in
1694 2143 1761 2177 hoc

227 2203 359 2237 mundo
386 2203 419 2236 L
566 2203 608 2237 10
636 2202 773 2237 auferre
800 2202 893 2236 hunc
919 2202 968 2236 M
991 2202 1073 2236 hinc
1100 2202 1238 2236 auferre
1264 2201 1475 2237 HPKP¹V
1497 2203 1573 2237 incf's
1592 2204 1601 2235 l
1628 2203 1763 2247 (fuisse

226 2262 303 2298 uid.
331 2261 429 2302 indc;
459 2273 504 2295 m.
531 2265 549 2297 1
575 2272 667 2296 corr.
694 2262 791 2303 hinc)
821 2261 960 2295 auferre
987 2262 1012 2296 I
1107 2261 1192 2306 quid
1219 2261 1454 2295 HPKP¹IV
1526 2262 1565 2295 11
1597 2264 1760 2306 tegmen-

226 2325 303 2355 tum
335 2323 364 2353 l)
390 2324 513 2366 tegum
544 2321 574 2356 C
687 2321 887 2365 contempti
916 2320 947 2356 C
1054 2331 1192 2360 sumus,
1216 2331 1305 2356 corr.
1334 2321 1444 2354 simus
1471 2319 1625 2355 KIVP²
1651 2321 1762 2355 simus

226 2379 327 2414 PCL
354 2381 413 2414 lm
537 2380 579 2413 12
606 2381 702 2424 nam}
731 2391 799 2413 non
831 2380 861 2413 O
972 2379 1047 2424 qui]
1076 2382 1113 2413 et
1139 2379 1201 2425 qui
1226 2380 1261 2413 A
1373 2379 1449 2414 fieri
1476 2379 1654 2423 incidunt]
1685 2391 1761 2413 esse

226 2438 397 2473 incedunt
426 2442 455 2473 0
559 2439 774 2473 temtatione
800 2439 868 2472 HI
990 2440 1031 2473 13
1059 2441 1095 2473 et
1119 2438 1287 2483 laqueum
1315 2450 1382 2473 om.
1409 2438 1641 2473 HPKP¹IV
1663 2442 1698 2473 et
1724 2438 1759 2472 in

226 2497 392 2542 laqueum
424 2500 453 2531 (Ι
549 2498 662 2532 stulta
687 2510 754 2533 om.
782 2497 978 2532 ΙῙΚΡῐΙΡν
1063 2498 1106 2532 14
1132 2498 1311 2532 hominem
1344 2497 1409 2532 OL
1497 2498 1539 2531 15
1567 2498 1660 2531 euim
1687 2509 1756 2532 om.

226 2556 390 2590 ΗΡΚΡι
416 2557 518 2600 (add.
546 2568 588 2591 m.
619 2560 656 2599 3)
684 2557 747 2591 IV
856 2560 941 2601 post
967 2557 1124 2590 auaritia
1149 2547 1239 2591 ssu.
1268 2557 1353 2593 add.
1382 2560 1436 2591 est
1469 2556 1500 2590 V
1526 2556 1680 2591 auaritia
1705 2561 1760 2590 est

231 2615 260 2649 O
294 2616 459 2659 auaritia,
494 2628 537 2650 m.
576 2619 600 2650 2
635 2619 690 2650 est
725 2616 878 2650 auaritia
913 2616 955 2650 K
989 2619 1043 2651 cst
1079 2616 1233 2650 auaritia
1267 2615 1364 2650 MP2
1399 2627 1432 2650 m
1466 2626 1532 2650 sec.
1564 2626 1658 2650 sacr.
1688 2615 1756 2649 litt.

274 2686 343 2719 qua
371 2675 401 2709 (J
497 2676 639 2721 quidem
660 2675 709 2709 Ρ2
808 2677 850 2711 16
878 2680 1086 2710 erraucrunt
1113 2688 1133 2710 a
1159 2675 1227 2710 fide
1255 2676 1288 2710 V
1312 2688 1331 2710 a.
1357 2675 1701 2710 fide'r'ss'errauerunt
1720 2675 1763 2709 K

227 2746 246 2767 a
273 2734 341 2768 fide
369 2738 643 2779 pererrauerunt
669 2734 822 2769 IIPP¹I
894 2736 935 2770 17
962 2735 1056 2778 hinc,
1083 2747 1126 2769 m.
1154 2735 1179 2766 2
1205 2735 1296 2769 hanc
1323 2736 1349 2769 I
1423 2736 1464 2769 15
1491 2746 1555 2769 nec
1577 2746 1656 2774 οηι..
1679 2746 1720 2769 m.
1743 2737 1758 2767 1

228 2793 310 2827 add.
339 2793 385 2827 Jl
409 2805 451 2827 ne
479 2794 513 2828 Ρ
608 2795 691 2838 non]
719 2805 783 2829 nec
809 2795 892 2828 PP¹
991 2794 1069 2839 ipsa
1099 2795 1129 2827 C
