1952 3118
83 801 135 841 13

140 962 172 986 10

143 1321 173 1344 15

143 1675 177 1699 20

663 177 1014 222 epistularum
1054 177 1258 212 CLXXVII.
1637 181 1719 221 681

200 308 346 360 utique
393 307 584 358 eundem,
631 320 754 361 quem
795 310 836 349 et
873 308 935 349 illi
974 332 1043 358 ——‚
1091 308 1363 349 secundum
1402 307 1530 361 quod
1570 308 1722 362 scrip-

201 384 300 420 tum
342 382 434 420 est:
477 378 690 428 Credidi,
737 382 939 432 propter
977 379 1105 432 quod
1144 379 1347 421 locutus
1388 392 1506 430 sum,
1551 381 1599 420 et
1635 391 1724 420 nos

201 449 462 497 eredimus,
513 452 715 503 propter
767 450 895 502 quod
943 456 989 490 et
1021 450 1288 504 loquimur.
1340 450 1435 491 inde
1481 452 1558 492 est.
1611 449 1725 503 quod

200 521 258 562 ait
307 521 398 574 ipse
448 520 672 562 mediator:
730 521 973 562 Abraham
1027 521 1322 575 concupiuit
1372 521 1544 563 uidere
1597 520 1723 562 diem

200 605 355 633 meum
391 594 438 633 et
470 591 601 633 uidit
635 595 681 633 et
713 593 921 647 gauisus
957 596 1051 641 est;
1085 593 1180 633 inde
1214 592 1527 634 Melchisedech
1561 592 1725 646 prolato

199 665 459 704 sacramento
481 675 649 704 mensae
672 663 903 705 dominicae
930 664 1049 705 nouit
1074 667 1289 705 aeternum
1319 664 1410 705 eius
1438 663 1723 704 sacerdotium

198 734 389 788 figurare.
810 742 812 744 '

258 806 344 846 Iam
402 818 500 846 uero
559 805 655 846 data
710 805 750 846 in
801 805 956 846 litteris
1014 806 1120 860 lege,
1179 818 1303 858 quam
1355 804 1458 846 dicit
1507 806 1726 857 apostolus

199 877 474 918 subintrasse.
509 880 555 917 ut
582 876 813 918 abundaret
846 876 1064 926 delictum,
1098 878 1140 917 et
1172 876 1220 917 de
1255 889 1336 929 qua
1369 876 1489 917 dicit:
1525 876 1575 918 Si
1609 890 1726 930 ergo

200 947 396 999 exlege
438 947 712 996 hereditas,
753 947 846 988 iam
889 960 979 988 non
1020 959 1073 988 ex
1103 946 1462 1000 promissione:
1499 947 1727 989 Abrahae

201 1021 363 1060 autem
408 1030 493 1072 per
537 1018 979 1071 repromissionem
1020 1018 1229 1059 donauit
1272 1018 1406 1060 deus.
1454 1018 1571 1071 quid
1610 1031 1727 1072 ergo

200 1089 304 1130 lex‘?
329 1088 755 1144 transgressionis
778 1089 941 1144 gratia
961 1090 1220 1143 proposita
1246 1093 1335 1141 est,
1358 1089 1511 1131 donec
1533 1089 1730 1130 ueniret

203 1174 381 1211 semen,
422 1161 502 1202 cui
537 1161 836 1215 promissum
878 1164 953 1202 est
987 1160 1292 1214 dispositum
1327 1173 1410 1214 per
1442 1160 1646 1215 angelos
1679 1159 1727 1201 in

203 1246 345 1274 manu
373 1232 684 1273 mediatoris.
712 1231 958 1273 mediator
985 1234 1147 1272 autem
1176 1231 1324 1272 unius
1358 1244 1447 1273 non
1483 1233 1572 1281 est,
1606 1231 1726 1272 deus

202 1307 365 1345 autem
418 1316 541 1345 unus
593 1306 681 1345 est.
734 1303 810 1344 lex
865 1316 978 1358 ergo
1032 1302 1275 1344 aduersus
1327 1302 1576 1356 promissa
1621 1302 1729 1343 dei?

203 1375 348 1416 absit.
391 1375 430 1416 si
475 1375 599 1416 enim
636 1374 748 1416 data
783 1382 920 1415 esset
952 1375 1039 1426 lex,
1080 1387 1203 1428 quae
1237 1376 1411 1427 posset
1443 1373 1726 1417 uiuificare.

203 1446 398 1487 omuino
428 1446 616 1500 exlege
652 1450 787 1487 esset
819 1446 1034 1486 iustitia.
1069 1445 1151 1486 sed
1187 1445 1440 1487 conclusit
1475 1445 1728 1498 scriptura

202 1518 363 1558 omnia
398 1518 486 1558 sub
519 1520 742 1570 peccato,
777 1520 830 1558 ut
863 1516 1134 1571 promissio
1169 1529 1221 1557 ex
1254 1516 1354 1557 fide
1389 1517 1500 1557 Iesu
1535 1515 1727 1558 Christi

203 1589 406 1630 daretur
456 1588 796 1630 credentibus.
849 1601 982 1629 nonne
1030 1587 1133 1629 satis
1180 1587 1418 1629 ostenditur
1462 1587 1540 1628 hoc
1587 1588 1728 1628 actum

202 1674 293 1702 esse
326 1673 398 1713 per
436 1661 587 1715 legem.
627 1663 674 1700 ut
707 1664 925 1713 peccatum
960 1661 1261 1713 agnosceretur
1294 1660 1335 1699 et
1367 1657 1728 1712 praeuaricatione

201 1734 424 1785 augeretur
457 1756 512 1761 —
551 1731 634 1772 ubi
676 1730 803 1772 enim
842 1730 919 1771 lex
958 1743 1046 1771 non
1088 1732 1176 1778 est,
1223 1742 1309 1771 nec
1354 1727 1729 1782 praeuaricatio

205 1827 253 1831 —
297 1806 338 1843 et
382 1803 441 1843 sic
483 1802 687 1843 aduersus
729 1802 951 1843 uictoriam
996 1801 1158 1854 peccati
1204 1801 1253 1841 ad
1300 1800 1485 1841 diuinam
1533 1799 1728 1853 gratiam,

201 1873 378 1926 quaein
425 1873 774 1926 promissionibus
816 1876 891 1921 est¹¹
938 1872 1234 1927 confugeretur
1272 1874 1397 1924 atque
1443 1871 1503 1912 ita
1540 1871 1604 1911 lex
1647 1882 1727 1911 non

201 1947 313 1986 esset
352 1944 556 1986 aduersus
590 1944 798 1998 promissa
833 1943 911 1993 dei,
953 1944 1051 1996 quia
1082 1943 1175 1984 ideo
1210 1955 1282 1996 per
1313 1942 1426 1983 illam
1461 1941 1509 1982 fit
1541 1940 1730 1996 cognitio

317 2108 339 2142 4
364 2107 441 2141 Ioh.
469 2112 501 2145 δ’,
529 2108 572 2141 56
647 2109 667 2141 5
695 2106 782 2140 Gen.
812 2107 865 2142 14.
896 2107 938 2140 li<
1018 2110 1039 2139 ὃ
1066 2106 1166 2139 Rom.
1194 2107 1226 2148 5,
1253 2105 1299 2140 20
1373 2106 1393 2139 9
1421 2104 1499 2139 Gal.
1527 2105 1558 2140 3.
1591 2104 1730 2138 18—22

200 2168 239 2201 21
272 2167 372 2201 Rom.
398 2169 430 2203 4.
461 2167 502 2200 15

251 2251 263 2284 1
290 2250 349 2284 ille
365 2250 398 2283 P
447 2249 467 2282 ⁴2
488 2260 574 2293 prop
597 2252 679 2290 (om.
702 2252 767 2289 ter)
783 2248 825 2282 N
898 2247 1006 2292 quod}
1032 2247 1126 2293 quod
1148 2250 1183 2281 et
1204 2247 1282 2281 edd.
1333 2248 1355 2280 4
1382 2246 1528 2281 habram
1549 2246 1585 2290 gh
1608 2257 1699 2280 eras.
1711 2258 1727 2285 ι,

201 2322 242 2344 m.
272 2314 296 2343 2
320 2309 509 2343 *abraham
537 2309 572 2342 P
594 2308 774 2342 Abraham
803 2310 903 2352 pater
929 2316 1049 2341 uester
1075 2307 1152 2341 edd.
1174 2318 1239 2342 sec.
1261 2317 1354 2342 sacr.
1376 2306 1446 2342 litt.
1523 2304 1660 2348 uidere}
1690 2308 1729 2338 ut

200 2369 339 2411 uideret
377 2368 417 2401 1⁷¹
491 2369 511 2402 6
538 2367 726 2403 sacerdoti.
753 2379 796 2401 m.
826 2371 843 2401 J
870 2378 959 2401 ιον-ι’.
988 2366 1225 2401 sacerdotium
1253 2365 1303 2400 1²³
1393 2370 1412 2400 ’δ’
1439 2364 1586 2408 litterisl
1614 2363 1728 2398 ueteri

199 2428 300 2462 P¹P³
394 2428 510 2471 legem
537 2429 583 2469 (m
612 2438 653 2460 m.
684 2428 708 2460 2
734 2426 816 2460 del.»
843 2426 883 2459 N
954 2428 974 2458 5)
1002 2429 1037 2460 ct
1063 2437 1130 2460 om.
1168 2425 1200 2459 1*
1222 2428 1261 2467 (s.
1289 2437 1325 2460 u.
1354 2437 1394 2458 m.
1424 2428 1441 2457 1
1469 2424 1569 2457 adds·
1608 2422 1650 2455 1'1
1676 2423 1731 2461 (in

199 2488 270 2530 sine
290 2499 392 2531 μαψ)
419 2487 467 2520 12⁴
579 2487 620 2521 10
647 2487 715 2520 iam
744 2497 824 2527 om„
853 2498 895 2519 m.
924 2488 948 2519 :2
975 2485 1061 2519 add.
1090 2485 1125 2519 P
1238 2485 1276 2519 11
1307 2483 1613 2521 resurrectionem,
1639 2493 1682 2515 m.
1711 2485 1730 2515 1

200 2557 291 2581 corr.
317 2546 626 2591 repromissionem
654 2545 702 2579 1’7
814 2546 913 2589 ergo]
943 2548 1061 2578 autem
1090 2544 1169 2578 edel.
1294 2545 1335 2578 12
1363 2544 1417 2577 lex
1444 2544 1589 2587 propter
1613 2543 1728 2575 treus-

201 2605 394 2650 gressionis
427 2605 545 2649 gratia
576 2605 709 2649 (gratia
742 2615 819 2648 erp.
850 2616 891 2637 m.
920 2607 938 2637 1
965 2614 1054 2638 corr.
1087 2603 1405 2647 transgressionem
1442 2601 1489 2634 p:
1519 2612 1585 2634 sec.
1625 2600 1727 2644 l'uly.

249 2665 367 2709 posita
392 2663 441 2698 Pl
469 2664 523 2704 (in
550 2664 655 2698 initio
682 2672 732 2705 u.)
762 2662 841 2697 (Ἰ)7
865 2674 930 2697 sec.
972 2663 1068 2707 Γαῖα.
1156 2662 1338 2706 ᾶοζᾴοιιυὶ
1365 2662 1464 2703 (sies)
1495 2661 1524 2694 G
1588 2661 1627 2693 14
1654 2671 1728 2693 me.-

202 2723 350 2758 ‹liatoris
377 2725 485 2766 (post.
515 2723 524 2757 i
551 2723 588 2757 in
618 2734 689 2757 rus.
719 2726 736 2756 1
763 2724 786 2757 Ι.
813 2734 855 2757 m.
885 2724 923 2765 2)
951 2722 986 2756 P
1122 2721 1300 2756 mediatur
1329 2720 1370 2754 N
1489 2719 1531 2754 16
1558 2719 1672 2763 possit
1701 2718 1733 2747 Γ

201 2784 241 2817 21
273 2785 447 2827 augeatur
473 2782 521 2816 1²⁴
594 2783 638 2816 22
666 2782 731 2826 sic]
760 2782 789 2816 si
818 2781 917 2816 ΡΙΡῘι
989 2782 1033 2815 23
1061 2782 1274 2825 eonsugetur
1300 2780 1347 2813 1¹·
