1952 3118
47 345 71 384 5

624 219 977 265 epistularum
1018 219 1176 255 CXLIII.
1581 225 1666 264 255

194 349 308 401 Quae
353 362 449 391 cum
493 350 552 392 ita
596 350 693 397 sint,
733 350 812 391 hoc
855 352 1008 399 tamen,
1055 351 1166 404 quod
1209 351 1250 392 in
1296 351 1420 393 tertio
1465 351 1572 393 libro
1619 351 1668 393 de

133 422 262 463 libero
295 421 480 464 arbitrio.
515 433 611 462 cum
645 420 693 462 de
727 421 967 462 substantia
1004 421 1197 462 rationali
1236 434 1417 475 agerem,
1451 422 1511 463 sic
1544 435 1567 463 a
1600 435 1666 463 me

133 492 317 546 positum
359 495 436 536 est,
476 495 524 533 ut
568 491 769 533 dicerem:
815 492 874 532 ‘In
921 491 1167 544 corporibus
1213 493 1355 533 autem
1400 492 1668 534 inferioribus

132 566 229 618 post
266 565 485 616 peccatum
525 562 715 604 ordinata
752 562 863 617 regit
901 574 1052 616 corpus
1093 575 1216 604 suum
1262 575 1341 603 nou
1388 564 1498 604 omni
1542 563 1667 605 modo

132 648 205 689 pro
245 634 429 684 arbitrio,
470 634 543 675 sed
582 633 694 675 sicut
730 633 847 687 leges
892 633 1181 674 uniuersitatis
1227 633 1400 684 sinunt’,
1447 634 1670 688 diligenter

133 705 366 754 aduertant,
413 705 483 758 qui
528 706 680 757 putant
724 717 790 745 me
835 704 994 758 aliquid
1041 704 1090 745 de
1136 705 1273 745 anima
1323 705 1507 746 humana
1550 705 1670 746 uelut

132 780 292 818 certum
339 777 540 818 statuisse
584 779 710 829 atque
754 776 907 825 fixisse,
949 776 1060 829 quod
1106 777 1175 818 uel
1214 789 1262 818 ex
1306 777 1550 830 parentibus
1596 789 1669 830 per

131 849 401 902 propaginem
430 848 571 889 ueniat
595 848 666 889 uel
685 847 726 888 in
748 847 913 889 actibus
934 847 1048 888 uitae
1069 847 1297 901 superioris
1319 850 1445 901 atque
1473 847 1668 889 caelestis

131 919 382 972 peccauerit,
416 922 463 960 ut
497 918 761 972 corruptibili
796 931 916 960 carne
950 922 1183 960 mereretur
1213 918 1386 968 includi,
1421 923 1463 960 et
1495 918 1669 959 uideant

133 990 191 1031 sic
226 1003 248 1031 a
281 1003 347 1031 me
387 990 517 1031 uerba
555 990 688 1031 fuisse
727 1002 943 1043 perpensa,
976 994 1025 1031 ut
1062 992 1223 1031 retento
1264 1002 1326 1040 eo,
1361 990 1472 1043 quod
1506 992 1667 1031 certum

132 1062 277 1111 habeo,
317 1064 414 1115 post
450 1064 670 1115 peccatum
710 1061 835 1114 primi
874 1061 1056 1103 hominis
1096 1064 1216 1102 natos
1258 1073 1350 1102 esse
1393 1066 1519 1113 atque
1551 1060 1668 1101 nasci

132 1135 292 1174 ceteros
318 1132 508 1174 homines
535 1132 575 1173 in
604 1145 725 1173 carne
752 1132 929 1185 peccati,
959 1132 1027 1173 cui
1055 1131 1261 1174 sanandae
1287 1132 1406 1173 uenit
1431 1132 1471 1172 in
1500 1131 1666 1173 domino

131 1203 364 1245 similitudo
404 1204 538 1245 carnis
577 1203 752 1257 peccati,
792 1204 850 1244 ita
888 1204 1028 1245 omnia
1067 1206 1273 1251 sonarent,
1313 1207 1361 1244 ut
1401 1203 1506 1244 nulli
1552 1215 1667 1256 prae-

130 1274 363 1316 iudicarent
395 1274 577 1327 opinioni
613 1277 812 1327 quattuor
838 1275 1019 1325 illarum,
1049 1287 1152 1327 quas
1179 1276 1327 1328 postea
1354 1274 1513 1328 digessi
1541 1277 1666 1326 atque

133 1345 301 1386 distinxi
344 1357 423 1386 non
464 1345 712 1387 confirmans
752 1345 935 1399 aliquam
977 1345 1049 1386 sed
1088 1345 1270 1395 interim,
1318 1345 1430 1398 quod
1476 1345 1664 1399 agebam,

131 1419 394 1470 sequestrata
432 1416 599 1458 illarum
639 1416 905 1458 discussione
945 1416 1241 1466 determinans,
1274 1419 1335 1465 ut,
1377 1428 1667 1470 quaecumque

130 1487 297 1528 illarum
330 1500 430 1529 uera
463 1490 589 1536 esset,
623 1487 726 1528 deus
760 1487 849 1528 sine
883 1487 1011 1529 dubio
1045 1487 1301 1529 laudaretur.

191 1558 290 1600 Siue
335 1559 445 1600 enim
491 1572 535 1600 ex
581 1559 654 1599 illa
700 1572 781 1599 una
833 1571 976 1600 omnes
1028 1558 1189 1599 animae
1240 1561 1524 1613 propagentur
1573 1558 1666 1599 siue

132 1629 379 1684 singillatim
412 1630 453 1671 in
488 1630 667 1683 singulis
702 1629 802 1670 fiant
835 1629 924 1670 siue
960 1631 1073 1670 extra
1112 1632 1273 1670 creatae
1312 1630 1536 1670 mittantur
1574 1629 1665 1670 siue

131 1699 171 1740 in
193 1712 365 1753 corpora
385 1704 533 1753 sponte
549 1703 805 1755 mergantur,
821 1701 967 1753 procul
983 1700 1110 1741 dubio
1127 1702 1316 1742 creatura
1330 1701 1411 1742 ista
1431 1699 1664 1745 rationalis,

130 1771 172 1811 id
206 1774 271 1813 est
302 1772 507 1812 humanae
541 1772 702 1812 animae
735 1779 883 1812 natura
916 1772 956 1812 in
990 1771 1236 1825 corporibus
1270 1771 1551 1821 inferioribus,
1586 1770 1664 1811 hoc

133 1844 197 1882 est
233 1842 408 1883 terrenis
447 1846 543 1896 post
582 1845 800 1896 peccatum
840 1842 1030 1883 ordinata
1068 1843 1177 1897 regit
1214 1855 1365 1896 corpus
1413 1855 1538 1883 suum
1584 1853 1664 1882 non

133 1913 242 1954 omni
274 1913 398 1955 modo
432 1927 504 1966 pro
538 1914 708 1954 arbitrio
744 1913 922 1956 interim.
950 1913 1062 1966 quod
1095 1914 1261 1955 constat
1294 1915 1514 1966 peccatum
1541 1912 1665 1966 primi

132 1983 325 2025 hominis.
366 1997 444 2025 non
486 1984 595 2025 enim
635 1984 795 2025 dictum
837 1988 918 2025 est:
966 1983 1082 2025 ‘Post
1126 1987 1346 2037 peccatum
1387 1987 1527 2025 suum¹
1572 1985 1663 2023 aut:

249 2134 342 2168 3—5
369 2150 411 2162 =
440 2134 483 2168 de
509 2134 570 2169 lib.
599 2134 670 2168 arb.
700 2134 754 2168 111
784 2135 837 2173 11,
865 2135 910 2168 34
987 2134 1028 2168 12
1057 2135 1155 2168 Rom.
1183 2134 1217 2178 8,
1244 2133 1265 2167 3

178 2217 199 2250 4
225 2219 307 2261 post
332 2216 531 2261 peccatum]
561 2217 679 2250 anima
699 2221 781 2261 post
800 2219 987 2261 peccatum
1009 2216 1108 2258 edd.,·
1126 2216 1169 2250 dc
1189 2216 1249 2252 lib.
1273 2216 1350 2250 arb.
1372 2219 1455 2261 post
1475 2218 1661 2261 peccatum

134 2275 248 2310 anima
358 2287 496 2320 σοι-ρος,
524 2287 567 2311 m.
595 2279 613 2309 1
639 2287 730 2311 corr.
758 2287 884 2320 corpus
911 2275 959 2309 M
1078 2277 1098 2309 5
1125 2287 1194 2320 pu,
1221 2286 1265 2309 m.
1295 2278 1320 2310 2
1344 2287 1402 2320 pn
1428 2275 1465 2310 P
1560 2275 1662 2320 legis,

132 2344 175 2368 m.
203 2336 228 2367 2
253 2334 351 2379 leges
378 2335 425 2369 M
519 2335 765 2369 uniuersitatis
795 2339 924 2379 (poscr.
953 2336 963 2369 i
991 2346 1034 2370 ex
1061 2346 1155 2377 ›·as.;
1172 2335 1300 2378 fuitne
1327 2346 1344 2368 e
1372 2334 1406 2377 ,9)
1433 2334 1479 2368 Μ
1551 2338 1572 2367 ὅ
1600 2334 1661 2368 ad-

133 2396 278 2427 uertunt
301 2393 382 2428 MA
481 2395 499 2428 ’ἶ
528 2394 660 2428 suxisse
687 2402 722 2438 (n
751 2396 858 2435 eras.)
884 2394 919 2427 P
943 2394 1021 2437 fixe,
1049 2405 1092 2427 m.
1121 2396 1146 2428 2
1170 2394 1288 2428 fixisse
1318 2394 1348 2427 C
1445 2405 1506 2439 per
1532 2405 1661 2439 propa-

134 2451 266 2497 ginem]
290 2453 485 2498 propagine
514 2453 555 2487 II
660 2453 681 2487 9
708 2464 799 2496 care,
825 2465 868 2487 m.
897 2455 916 2487 1
942 2463 1032 2487 corr.
1061 2464 1164 2487 carne
1190 2452 1239 2487 M
1351 2453 1389 2486 11
1419 2456 1537 2490 natus,
1564 2464 1608 2485 m.
1637 2456 1662 2485 2

134 2514 235 2545 natos
256 2511 302 2545 Ρι
374 2512 416 2547 12
442 2512 607 2553 hominis,
633 2524 678 2547 m.
700 2516 718 2546 1
745 2523 835 2547 corr.
862 2512 1025 2546 homines
1046 2512 1081 2546 P
1178 2513 1278 2546 cuius
1304 2516 1360 2555 (us
1387 2523 1431 2546 ⁷11.
1454 2514 1479 2546 2
1503 2516 1598 2553 exp.)
1617 2511 1665 2544 JI

136 2569 177 2604 13
203 2574 381 2613 sanarent,
408 2582 499 2606 corr.
527 2573 695 2606 sonarent
721 2571 763 2605 K
910 2572 951 2605 14
978 2571 1119 2615 digesse
1146 2571 1187 2605 H
1238 2571 1244 2573 ⁴
1335 2572 1377 2604 15
1405 2570 1537 2613 distixi,
1565 2581 1607 2603 m.
1636 2572 1661 2603 2

135 2627 278 2663 distinxi
304 2629 347 2664 H
371 2630 523 2665 distrata
551 2634 608 2672 (m.
639 2635 655 2665 1
685 2631 767 2675 del.)
795 2631 940 2665 distinxi
968 2631 1016 2665 M
1068 2632 1123 2679 ,16
1153 2631 1372 2675 ⁴terminans
1403 2630 1435 2665 G
1508 2630 1548 2663 17
1577 2640 1662 2663 uera

134 2687 273 2722 illarum
301 2689 332 2722 C
464 2690 506 2724 18
532 2694 817 2735 prorapagentur
842 2693 895 2731 (ra
920 2701 963 2724 m.
993 2692 1018 2724 2
1045 2689 1127 2731 del.)
1157 2690 1188 2723 (J
1323 2691 1364 2723 l‘.)
1391 2688 1602 2732 singulatim
1633 2686 1664 2722 O

100 2764 101 2767 ¹
135 2745 321 2813 sigillatim
350 2747 383 2782 G
446 2748 492 2782 20
517 2760 662 2793 corpore
687 2749 731 2783 H
788 2750 830 2783 21
861 2749 1016 2784 humana
1043 2752 1079 2784 et
1105 2749 1221 2783 anime
1252 2749 1284 2783 G
1341 2748 1387 2782 23
1414 2746 1509 2792 quod
1535 2758 1602 2781 om.
1627 2746 1660 2781 G

137 2832 175 2867 q·
195 2822 243 2857 M
335 2827 476 2859 constat
500 2829 581 2871 post
602 2829 787 2871 peccatum
812 2826 848 2860 P
