1952 3118
1 906 47 948 10
80 925 110 949 10

77 1281 107 1305 15

78 1637 111 1661 80

634 139 988 184 epistularum
1022 138 1177 174 CXLIX.
1580 143 1665 183 357

139 270 403 323 Disperge
448 268 578 310 illos
623 268 673 309 in
718 269 929 310 uirtute
974 271 1077 310 tua.
1125 269 1159 309 si
1206 269 1315 310 enim
1361 282 1443 311 uno
1490 270 1530 311 in
1575 270 1667 312 loco

138 342 278 383 essent
326 343 542 389 terrarum,
593 352 673 380 non
725 339 973 381 adiuuarent
1021 340 1265 381 testimonio
1316 340 1668 393 praedicationem

139 411 359 465 euangelii,
393 423 497 464 quae
529 410 755 452 fructificat
787 413 875 451 toto
905 411 1002 452 orbe
1029 414 1246 452 terrarum.
1273 411 1387 453 ideo:
1423 412 1668 466 Disperge

138 482 270 524 illos
297 482 344 523 in
374 482 585 523 uirtute
612 485 715 532 tua,
744 484 790 522 ut
812 482 902 522 eius
925 482 1073 534 ipsius,
1102 482 1222 523 cuius
1244 483 1413 524 fuerunt
1433 486 1667 537 negatores,

137 556 440 608 persecutores.
473 553 776 601 interfectores,
806 553 959 606 ubique
989 554 1072 594 sint
1097 557 1230 595 testes
1257 566 1329 607 per
1354 554 1489 608 ipsam
1515 554 1667 608 legem,

138 638 262 678 quam
301 637 380 666 non
421 625 744 666 obliuiscuntur.
790 623 828 664 in
871 637 951 676 qua
989 627 1054 665 est
1091 624 1163 665 ille
1207 624 1497 677 prophetatus,
1545 638 1668 677 quem

137 709 216 737 non
250 698 494 749 sequuntur.
530 709 662 749 neque
696 695 802 737 enim
833 696 892 737 eis
927 695 1085 748 aliquid
1111 695 1295 749 prodest,
1331 695 1439 749 quod
1469 709 1559 736 eam
1588 709 1668 737 non

137 767 462 810 obliuiscuntur:
507 767 621 808 aliud
660 770 725 808 est
764 766 873 808 enim
911 766 1049 821 legem
1083 766 1150 807 dei
1188 766 1341 808 habere
1373 767 1413 807 in
1454 767 1666 817 memoria,

137 838 249 881 aliud
282 839 322 879 in
356 838 576 879 intellectu
611 840 653 879 et
685 838 849 879 effectu.

195 910 240 950 ln
274 909 535 963 sexagesimo
569 912 708 950 autem
741 912 782 949 et
815 908 994 962 septimo
1027 908 1189 961 psalmo
1223 909 1335 962 quod
1368 909 1533 962 quaeris
1567 909 1667 962 quid

137 980 210 1022 sit:
255 980 446 1021 Verum
479 986 653 1021 tamen
689 980 819 1021 deus
854 979 1251 1033 conquassabit
1284 981 1463 1033 capita
1496 979 1666 1021 inimi-

136 1064 313 1093 corum
355 1064 586 1099 suorum,
632 1051 895 1092 uerticem
936 1050 1128 1104 capilli
1168 1051 1665 1105 perambulantium

133 1122 182 1163 in
216 1122 442 1163 delictis
477 1122 602 1170 suis,
631 1135 710 1163 non
738 1121 843 1162 mihi
870 1122 1039 1163 uidetur
1065 1122 1180 1163 aliud
1208 1122 1367 1163 dictum
1395 1135 1520 1175 quam
1547 1122 1664 1163 ‘deus

134 1193 431 1246 conquassabit
456 1193 593 1246 capita
618 1193 883 1233 inimicorum
912 1205 1083 1233 suorum
1111 1192 1287 1233 nimium
1316 1193 1664 1247 superbientium,

133 1264 309 1305 nimium
337 1277 381 1304 se
408 1263 697 1305 extollentium
726 1263 766 1304 in
794 1263 960 1304 delictis
989 1264 1104 1304 suis’.
1133 1277 1204 1317 per
1229 1264 1482 1318 hyperbolen
1510 1264 1665 1317 quippe

133 1335 390 1390 significauit
421 1334 658 1388 superbiam
692 1337 856 1375 tantum
890 1347 934 1375 se
967 1335 1234 1375 extollentem
1263 1337 1305 1376 et
1336 1338 1451 1376 tanta
1484 1335 1664 1376 elatione

134 1404 408 1455 incedentem,
461 1406 581 1459 quasi
626 1405 766 1459 capilli
818 1406 1018 1447 uerticem
1069 1406 1395 1459 perambulando
1441 1407 1663 1448 calcarent.

133 1478 235 1519 item
267 1478 307 1517 in
342 1477 488 1518 eodem
521 1477 684 1530 psalmo
719 1476 831 1529 quod
865 1477 1071 1530 scriptum
1113 1480 1196 1518 est:
1237 1478 1443 1532 Lingua
1482 1490 1664 1519 canum

135 1553 348 1589 tuorum
388 1561 443 1590 ex
483 1548 726 1589 inimicis
767 1549 825 1589 ab
859 1549 992 1601 ipso.
1028 1561 1107 1589 non
1143 1562 1308 1602 semper
1339 1551 1379 1591 in
1413 1551 1524 1592 malo
1558 1550 1663 1591 acci-

136 1619 276 1673 piendi
321 1623 420 1660 sunt
464 1632 598 1661 canes,
639 1619 825 1673 alioquin
864 1633 943 1660 non
983 1620 1384 1673 reprehenderentur
1423 1621 1534 1675 apud
1573 1634 1665 1675 pro-

136 1690 304 1745 phetam
339 1703 495 1732 canes
529 1691 840 1732 nescientes
879 1691 1083 1732 latrare
1118 1697 1167 1732 et
1200 1695 1441 1733 amantes
1476 1692 1663 1733 dormi-

135 1765 271 1810 tare;
316 1762 503 1815 profecto
549 1762 660 1803 enim
705 1762 939 1803 laudabiles
986 1774 1106 1803 canes
1152 1766 1306 1804 essent.
1353 1764 1388 1805 si
1434 1766 1476 1804 et
1513 1764 1662 1804 latrare

256 1913 270 1946 1
301 1912 357 1946 ΡΞ.
385 1914 441 1957 58,
472 1913 512 1946 12
635 1913 657 1947 3
684 1912 759 1948 Col.
790 1914 819 1952 1,
848 1913 868 1948 6
982 1914 1021 1948 11
1050 1913 1108 1947 Ρ3.
1136 1913 1192 1956 67,
1220 1913 1264 1947 22
1377 1914 1419 1948 18
1445 1914 1504 1948 Ps.
1532 1915 1587 1958 67,
1616 1915 1661 1948 ‘24

136 1971 180 2006 20
205 1971 266 2005 Ε3.
293 1974 349 2008 56.
380 1973 421 2006 10

186 2101 201 2134 1
231 2103 304 2136 tue.
331 2112 374 2134 m.
403 2104 420 2134 1
447 2111 538 2135 corr.
564 2104 628 2135 tua
654 2101 687 2134 V
758 2102 794 2135 in
822 2113 891 2135 uno
920 2102 998 2136 edd.
1068 2103 1088 2136 2
1117 2104 1223 2146 esset,
1251 2114 1294 2136 m.
1322 2106 1340 2136 1
1366 2113 1456 2137 corr.
1486 2105 1604 2136 essent
1633 2102 1666 2134 V

184 2159 371 2194 adiuuaret
397 2160 643 2194 testimouium
671 2161 704 2194 A
756 2161 775 2194 3
803 2160 871 2201 ide,
900 2173 942 2195 m.
970 2164 989 2195 1
1015 2172 1104 2195 corr.
1133 2161 1212 2195 ideo
1241 2161 1288 2195 Μ
1334 2163 1356 2195 4
1382 2164 1568 2195 necatores
1589 2161 1660 2196 PG

137 2220 156 2253 5
183 2218 241 2252 ubi
269 2218 313 2252 H
381 2220 401 2253 6
429 2219 692 2253 obliuiscantur
713 2219 746 2254 G
814 2221 832 2254 7
862 2221 1294 2265 neque-obliuiscuntur
1319 2232 1384 2256 om.
1407 2221 1456 2255 M
1526 2232 1603 2255 euin
1627 2222 1661 2255 A

136 2278 157 2312 8
184 2278 443 2312 obliuiscamur
468 2278 549 2312 HV
572 2281 629 2322 (m.
658 2281 676 2312 1
702 2289 791 2313 corr.
820 2279 1096 2322 obliuiscuntur)
1195 2281 1289 2314 enim
1317 2283 1372 2314 est
1398 2280 1446 2314 JI
1514 2281 1535 2313 9
1563 2279 1661 2314 aliud

136 2337 322 2371 intellectu
342 2337 415 2371 AG
486 2338 529 2372 10
556 2341 591 2371 et
619 2349 684 2372 om.
712 2338 790 2371 edd.
813 2342 961 2382 praeter
982 2350 1004 2372 α
1075 2340 1114 2374 11
1145 2340 1401 2384 conquassauit
1422 2338 1665 2373 HMAPGK

140 2396 181 2430 14
219 2397 472 2440 conquassauit
509 2397 626 2431 MPG
665 2398 862 2442 quassauit.
901 2410 944 2432 m.
986 2400 1010 2432 2
1048 2399 1304 2443 conquassauit
1342 2399 1384 2432 II
1538 2409 1659 2442 super-

137 2454 311 2489 bientium
350 2456 499 2490 nimium
538 2467 617 2496 om„
657 2468 700 2490 m.
740 2459 765 2491 2
799 2458 840 2491 in
875 2468 986 2502 ηιανῃ.
1029 2457 1114 2492 add.
1154 2457 1197 2491 K
1321 2457 1586 2502 superbientem
1626 2458 1660 2491 A

236 2521 278 2540 per
317 2521 331 2540 y
373 2522 416 2540 per
458 2515 489 2536 bo
552 2516 590 2536 len

140 2562 182 2596 15
209 2556 642 2598 ΡΗΡῪΓῚΗΡΒωΛΗΝ
671 2563 713 2597 K
799 2565 840 2598 1ss
867 2563 1049 2608 significat
1075 2564 1116 2598 H
1213 2563 1380 2609 superbia
1409 2563 1441 2597 G
1538 2566 1660 2597 etanta

138 2628 167 2669 (s
192 2638 236 2660 m.
264 2629 289 2660 2
315 2627 397 2671 del.)
423 2627 465 2661 K
547 2629 587 2661 17
616 2628 909 2672 perambulande.
936 2640 980 2664 m.
1009 2631 1034 2663 2
1059 2628 1339 2674 perambulando
1368 2629 1409 2662 K
1503 2629 1658 2662 calcaret

139 2685 217 2719 edd.
279 2686 324 2720 20
349 2686 546 2731 propheta»
566 2687 707 2731 (fuitne
733 2699 750 2721 e
779 2687 798 2721 ?
824 2705 867 2715 »v
894 2699 938 2721 m.
966 2690 1005 2730 2)
1031 2688 1079 2722 M
1136 2690 1176 2723 21
1209 2699 1313 2723 canes
1341 2688 1430 2722 muti
1457 2688 1658 2722 nescientes

140 2743 228 2777 lrm
254 2756 318 2781 sec.
344 2756 439 2781 sacr.
467 2746 535 2781 litt.
610 2747 655 2780 22
683 2751 789 2782 esset.
817 2758 860 2781 m.
888 2751 906 2781 1
932 2758 1022 2784 corr.
1050 2755 1171 2782 essent
1203 2748 1236 2781 V
