1924 3122
115 643 130 666 ὁ

100 997 131 1022 10

102 1354 133 1379 15

101 1711 134 1734 20

103 2063 136 2089 25

673 214 1026 258 epistularum
1065 214 1167 250 CXL.
1598 218 1680 259 175

156 356 311 384 nouum
351 343 563 397 pertinens
602 346 916 391 testamentum,
957 357 1036 385 non
1072 344 1183 386 sicut
1215 345 1276 386 illi
1311 345 1597 399 expectabant.
1643 349 1685 388 et

157 414 253 468 quia
285 414 371 455 fieri
405 428 483 455 uon
522 414 736 464 uidebant,
770 417 985 468 tamquam
1027 419 1222 467 superato
1264 417 1523 458 insultabant
1560 417 1683 470 perti-

157 489 299 527 nentes
347 486 398 526 ad
443 487 741 527 testamentum
789 488 912 527 uetus
965 488 1006 527 et
1057 486 1282 528 hominem.
1328 488 1367 528 in
1415 501 1495 541 quo
1540 501 1683 530 omnes

156 556 401 606 moriuntur,
425 569 503 598 non
531 557 580 597 ad
607 556 741 597 filium
768 557 963 606 hominis,
992 558 1033 597 in
1061 571 1142 610 quo
1171 571 1313 599 omnes
1343 558 1684 600 uiuificabuntur.

157 631 333 668 mort-em
368 628 520 681 quippe
552 627 697 668 intulit
730 628 853 669 homo
881 628 962 668 sibi
988 628 1159 681 filioque
1190 629 1390 677 hominis3
1426 630 1555 670 uitam
1586 642 1683 670 uero

155 697 308 739 adtulit
324 699 481 740 homini
497 699 677 740 moriens
699 702 740 740 et
760 712 985 754 resurgens
1008 699 1119 741 filius
1141 700 1338 748 hominis,
1362 700 1684 754 opprobrium

155 769 404 811 hominum
440 773 487 811 et
519 770 736 811 abiectio
776 771 941 823 plebis
980 783 1114 824 usque
1152 771 1203 811 ad
1236 773 1428 812 mortem.
1463 771 1539 812 hoc
1576 772 1684 812 enim

158 840 293 881 uoluit
341 840 380 881 in
433 844 661 894 conspectu
711 840 977 882 inimicorum
1029 841 1129 894 pati.
1183 854 1264 894 quo
1316 854 1410 882 eum
1470 844 1685 894 tamquam

157 911 405 952 derelictum
439 914 647 964 putarent.
675 913 722 952 ut
755 912 889 966 gratia
917 912 1279 953 commendaretur
1305 912 1546 953 testamenti
1575 912 1686 960 noui,

158 996 238 1035 qua
271 983 528 1024 disceremus
562 983 686 1024 aliam
727 996 923 1036 quaerere
961 983 1223 1032 felicitatem,
1258 996 1362 1036 quae
1402 996 1512 1025 nunc
1550 985 1615 1024 est
1646 984 1686 1024 in

158 1054 250 1103 fide,
285 1057 431 1106 postea
464 1067 560 1095 uero
595 1055 673 1095 erit
704 1055 744 1095 in
778 1055 929 1108 specie.
964 1068 1105 1107 quam
1140 1054 1221 1095 diu
1262 1055 1388 1096 enim
1427 1067 1597 1096 sumus
1642 1054 1686 1095 in

159 1138 377 1179 corpore.
401 1126 459 1166 ait
485 1127 718 1179 apostolus,
741 1126 1120 1179 peregrinamur
1140 1139 1161 1166 a
1183 1126 1401 1173 domin03
1429 1138 1515 1178 per
1535 1125 1687 1166 fidem

159 1197 284 1238 enim
320 1197 645 1248 ambulamus,
681 1210 770 1239 non
805 1211 889 1251 per
921 1198 1133 1251 speciem
1170 1200 1211 1239 et
1244 1198 1335 1238 ideo
1378 1209 1486 1238 nunc
1526 1197 1564 1238 in
1601 1209 1687 1250 spe,

159 1270 258 1309 tunc
291 1268 331 1309 in
365 1281 420 1310 re.
644 1269 648 1272 ’

223 1339 408 1391 Denique
441 1340 788 1381 resurrectionem
822 1352 956 1381 suam.
992 1352 1115 1391 quam
1157 1351 1235 1379 non
1276 1338 1388 1378 sicut
1426 1340 1610 1380 nostram
1650 1338 1690 1378 in

159 1411 331 1464 longum
360 1411 511 1452 differri
538 1411 771 1464 oportebat,
795 1411 901 1452 utin
924 1410 1112 1463 exemplo
1137 1409 1270 1451 carnis
1299 1410 1388 1450 eius
1418 1409 1690 1459 disceremus,

161 1481 261 1534 quid
293 1482 333 1522 in
366 1485 506 1523 nostra
545 1494 709 1535 sperare
749 1482 1011 1525 deberemus,
1045 1481 1180 1522 noluit
1218 1480 1364 1521 alienis
1405 1480 1690 1521 demonstrare

162 1552 233 1593 sed
262 1554 369 1601 suis;
399 1553 545 1594 alienis
572 1553 664 1595 dieo
692 1567 768 1595 non
800 1556 946 1594 natura
974 1552 1047 1594 sed
1076 1553 1194 1594 uitio.
1217 1551 1327 1605 quod
1355 1564 1522 1605 semper
1548 1559 1691 1592 contra

160 1627 351 1665 naturam
385 1627 463 1665 est.
497 1628 688 1665 mortuus
722 1631 787 1665 est
820 1637 917 1677 ergo
952 1625 991 1664 in
1027 1626 1255 1676 conspectu
1289 1622 1520 1670 hominum,
1554 1635 1690 1663 resur-

160 1695 263 1736 rexit
306 1698 446 1736 autem
492 1695 531 1736 in
577 1703 805 1748 conspectu
844 1695 1025 1737 filiorum
1072 1694 1302 1736 hominum.
1344 1693 1441 1746 quia
1486 1705 1596 1734 mors
1639 1692 1691 1733 ad

159 1766 370 1808 hominem
397 1767 646 1821 pertinebat,
674 1767 924 1808 resurrectio
952 1767 1002 1807 ad
1030 1766 1162 1807 filium
1192 1765 1392 1813 hominis;
1423 1764 1555 1806 sicut
1581 1764 1689 1805 enim

160 1837 204 1878 in
243 1837 393 1879 Adam
441 1851 608 1879 omnes
649 1838 944 1880 moriuntur.
986 1837 1057 1878 sic
1097 1839 1144 1878 et
1182 1837 1227 1877 in
1269 1836 1472 1878 Christo
1520 1848 1688 1877 omnes

162 1909 580 1950 uiuifieabuntur.
615 1912 661 1950 ut
693 1909 823 1962 igitur
861 1909 1049 1960 exemplo
1091 1921 1190 1949 suae
1231 1907 1364 1948 curnis
1404 1908 1691 1948 exhortaretur

160 1980 302 2021 fideles
330 1994 430 2022 suos
456 1981 726 2034 temporalem
756 1993 828 2034 pro
849 1984 1015 2020 aeterna
1036 1979 1237 2020 felicitate
1259 1981 1534 2020 contemnere.
1558 1990 1689 2030 usqne

161 2051 212 2092 ad
250 2056 425 2093 mortem
470 2052 643 2106 pertulit
689 2054 984 2104 persequentes
1031 2054 1156 2103 atque
1202 2048 1440 2090 saeuientes
1486 2056 1524 2089 et
1571 2048 1690 2101 quasi

161 2123 273 2165 uicto
302 2127 342 2164 et
368 2136 566 2176 oppresso
595 2123 772 2177 superbe
801 2122 1051 2163 inludentes.
1083 2121 1193 2174 quod
1221 2122 1361 2161 autem
1384 2132 1548 2161 carnem
1570 2132 1687 2160 suam

280 2263 299 2295 3
328 2262 343 2296 Ι
370 2262 448 2296 Cor.
480 2262 532 2297 15.
560 2261 604 2294 22
682 2261 719 2294 11
751 2259 786 2293 ΙΙ
814 2259 893 2294 Cor.
922 2261 951 2294 Γ),
981 2259 1073 2292 6-7
1149 2259 1189 2292 21
1221 2258 1235 2292 l
1263 2257 1341 2293 Cor.
1373 2258 1426 2295 15»,
1453 2258 1498 2292 22

212 2347 227 2380 1
256 2345 355 2380 illum
383 2345 418 2379 R
486 2346 506 2377 2
535 2344 595 2388 qui
625 2343 655 2378 O
681 2343 766 2387 quid
794 2343 834 2376 N
894 2345 914 2375 :3
942 2342 1085 2375 homine
1114 2341 1146 2374 L
1173 2340 1218 2374 ad
1245 2340 1423 2374 hominem
1459 2340 1490 2374 T
1548 2340 1569 2373 4
1597 2340 1689 2373 uiui-

164 2407 313 2440 ficantur
332 2405 374 2439 N
421 2405 438 2438 7
468 2404 593 2449 plebis.
621 2414 733 2447 mque
761 2402 803 2435 ad
833 2407 981 2435 mortem
1010 2401 1102 2435 enim
1130 2401 1195 2434 hoc
1214 2400 1293 2434 edd.
1315 2403 1466 2443 praeter
1487 2411 1518 2431 m
1569 2400 1589 2431 ὃ
1611 2399 1685 2442 pati

163 2466 198 2500 in
230 2469 423 2510 conspectu
456 2464 679 2498 inimicorum
712 2462 792 2495 edd.
937 2466 1119 2504 tamquam
1152 2459 1249 2503 (uam
1288 2470 1330 2492 ex
1368 2469 1459 2491 corr.
1501 2469 1542 2490 m.
1585 2460 1621 2499 2)
1655 2457 1690 2490 R

164 2530 307 2569 taquam
341 2524 372 2558 T
466 2526 486 2557 ⁴.)
512 2522 720 2556 testamenti
754 2521 838 2554 noui
873 2519 1181 2554 commendaretur
1208 2518 1243 2551 X
1271 2516 1581 2552 commvndarclur
1606 2517 1689 2549 noni

165 2584 372 2619 testamenti
393 2583 471 2617 edd.
528 2583 568 2616 10
590 2582 672 2626 qua}
697 2581 767 2625 qui,
790 2592 833 2614 ιιι.
855 2582 880 2613 2
901 2590 971 2623 qua
996 2578 1027 2612 T
1080 2579 1120 2611 16
1142 2578 1280 2611 differre
1304 2577 1334 2610 L
1358 2587 1415 2617 (m.
1439 2579 1463 2608 3
1483 2575 1629 2616 differri)
1651 2575 1686 2607 A*

169 2644 207 2677 17
235 2643 360 2677 alicnis
387 2654 430 2677 ex
456 2653 541 2683 ras.⁷
568 2641 639 2678 suit
666 2640 803 2674 ali-snus
831 2638 863 2672 L
932 2639 969 2671 1-5'
998 2646 1051 2671 est
1079 2640 1202 2671 contra
1230 2640 1390 2669 naturam
1420 2633 1498 2668 edd.
1566 2634 1605 2666 lt·
1634 2644 1686 2665 ru:-

166 2702 548 2736 surrexit-liominum
581 2710 648 2733 om.
679 2699 711 2733 G
833 2698 871 2730 21
911 2697 1002 2730 enim
1037 2707 1102 2729 om.
1137 2695 1299 2738 Euqippi
1332 2693 1434 2727 codd.
1471 2691 1690 2725 Knoellae'ani

165 2763 210 2795 24
236 2761 468 2805 temporalem
495 2760 649 2793 sulutem
677 2769 738 2802 pro
763 2756 923 2799 Englippi
944 2755 1046 2789 codd.
1076 2754 1294 2787 Ismeniam·
1369 2752 1579 2785 felicitatem
1602 2750 1635 2784 R
1656 2762 1688 2783 m

168 2822 211 2854 26
239 2824 346 2864 atque
381 2819 410 2853 T
