1952 3118
670 132 1022 177 epistularum
1062 131 1235 167 CXLVII.
1630 136 1715 177 325

189 265 417 316 utcumque
451 263 645 305 ferendus
673 266 737 304 est
769 262 951 304 uolentis
984 275 1136 317 corpus
1166 264 1409 304 conuertere
1435 263 1475 304 in
1504 263 1714 317 spiritum,

189 347 267 376 non
306 333 347 375 in
386 345 536 387 corpus
582 333 729 383 deum3
774 335 1001 387 postremo,
1048 333 1146 386 quia
1183 333 1239 381 id,
1285 333 1396 387 quod
1443 346 1518 388 ego
1557 334 1598 375 in
1643 334 1716 375 illa

189 404 371 457 epistula
408 416 500 445 mea
538 403 620 445 dixi
653 402 702 445 de
734 402 830 445 istis
869 405 1035 444 nostrae
1075 403 1210 444 carnis
1251 403 1399 453 oculis,
1443 404 1542 457 quia
1579 417 1715 458 neque

187 488 295 516 nunc
332 477 513 528 possunt
549 487 684 533 neque
721 477 823 515 tunc
867 475 1066 526 poterunt
1109 473 1234 515 deum
1277 474 1437 525 uidere,
1483 475 1609 516 etiam
1654 475 1716 517 sio

187 559 335 588 uerum
367 547 452 594 est3
492 559 572 588 non
605 545 716 587 enim
749 545 908 586 dictum
942 547 1007 586 est
1038 545 1120 585 nisi
1153 544 1203 585 <le
1237 545 1371 587 oculis
1412 546 1715 599 corporalibus,

188 616 299 671 quod
336 619 436 659 tunc
476 630 556 658 non
596 619 731 667 erunt,
771 616 807 658 si
840 628 991 670 corpus
1029 616 1169 669 ipsum
1210 616 1384 669 spiritus
1425 617 1516 664 erit,
1559 629 1606 658 ac
1643 630 1717 671 per

186 688 265 730 hoc
297 688 483 741 corporei
517 688 627 729 oculi
661 700 891 741 numquam
918 687 1042 728 deum
1077 686 1296 736 uidebant.
1332 687 1442 740 quia,
1477 700 1572 729 cum
1600 688 1715 730 uide-

186 759 311 809 bitur,
346 759 519 812 spiritus
553 772 664 810 eum,
696 772 776 801 non
811 770 961 812 corpus
996 757 1172 799 uidebit.

245 830 349 872 Tota
400 830 529 885 igitur
580 831 769 884 quaestio
821 830 904 871 iam
954 829 1154 871 remansit
1198 828 1248 870 de
1299 841 1469 882 corpore
1521 829 1714 883 spiritali,

186 904 393 956 quatenus
425 902 572 943 induat
602 901 957 955 incorruptionem
991 903 1032 941 et
1063 900 1408 942 inmortalitatem
1442 900 1520 942 hoc
1549 912 1715 953 corrup-

184 973 302 1014 tibile
330 976 455 1026 atque
481 974 657 1015 mortale
686 974 727 1014 et
747 975 953 1025 quatenus
975 985 1022 1013 ex
1044 971 1211 1013 animali
1231 971 1272 1012 in
1295 971 1484 1024 spiritale
1511 973 1713 1013 mutetur.

186 1056 291 1097 quae
330 1044 573 1098 diligentius
613 1043 926 1096 sollicitiusque
964 1042 1182 1084 tractanda
1220 1044 1285 1084 est
1323 1042 1502 1083 maxime
1548 1045 1716 1096 propter

185 1128 337 1168 corpus
357 1115 492 1168 ipsius
514 1114 684 1163 domini,
713 1115 798 1168 qui
825 1113 1166 1168 transfigurat
1193 1125 1373 1166 corpus
1401 1113 1714 1154 humilitatis

184 1188 383 1227 nostrae
417 1185 668 1227 conforme
703 1184 899 1238 corpori
933 1184 1124 1239 gloriae
1159 1197 1294 1234 suae,
1329 1186 1384 1225 ut
1414 1183 1583 1237 possit
1616 1183 1715 1225 sibi

185 1257 415 1299 subicere
444 1257 616 1298 omnia.
638 1269 733 1298 cum
756 1256 865 1298 enim
894 1258 936 1298 et
962 1256 1065 1297 deus
1086 1258 1205 1309 pater
1223 1255 1366 1296 uideat
1385 1254 1519 1296 filium
1541 1257 1583 1296 et
1601 1254 1715 1296 filius

184 1330 358 1382 patrem,
392 1328 539 1382 procul
571 1327 698 1368 dubio
731 1339 811 1368 non
845 1328 943 1368 sunt
975 1325 1186 1375 audiendi,
1223 1325 1295 1378 qui
1327 1325 1536 1367 uisionem
1569 1325 1717 1367 nolunt

183 1399 364 1440 tribuere
397 1398 479 1440 nisi
511 1399 767 1453 corporibus.
801 1410 934 1451 neque
969 1397 1078 1438 enim
1112 1397 1195 1438 dici
1227 1397 1289 1439 fas
1324 1399 1402 1447 est,
1436 1396 1547 1450 quod
1580 1395 1715 1437 filium

182 1473 301 1523 pater
331 1483 411 1512 non
443 1469 599 1519 uideat,
633 1474 719 1520 aut,
759 1472 801 1510 et
831 1469 922 1522 ipse
955 1470 1004 1510 ut
1037 1468 1192 1518 uideat,
1226 1480 1397 1521 corpore
1429 1466 1600 1508 indutus
1634 1469 1712 1517 est,

183 1541 219 1582 si
244 1541 409 1583 nonnisi
441 1541 491 1582 ad
525 1553 674 1594 corpus
706 1540 888 1594 pertinet
922 1539 1051 1581 uisus.
1086 1538 1202 1592 quid,
1236 1537 1348 1592 quod
1373 1538 1415 1579 in
1447 1538 1539 1591 ipso
1567 1537 1714 1579 mundi

183 1612 362 1661 exordio,
408 1615 632 1666 antequam
677 1624 700 1653 a
743 1611 830 1654 filio
876 1614 990 1652 esset
1032 1610 1120 1652 ulla
1163 1610 1297 1651 forma
1341 1609 1453 1651 serui
1498 1611 1712 1662 suscepta,

184 1683 315 1725 uidit
347 1683 467 1725 deus
499 1683 677 1733 lucem,
711 1683 826 1736 quia
859 1682 983 1724 bona
1010 1684 1101 1731 est,
1129 1683 1172 1722 et
1196 1680 1502 1722 firmamentum
1533 1682 1575 1721 et
1599 1692 1712 1722 mare

184 1757 225 1795 et
251 1754 407 1796 aridam
436 1756 477 1795 et
503 1766 623 1795 omne
655 1756 822 1796 faenum
857 1756 981 1806 atque
1015 1765 1135 1794 omne
1161 1752 1339 1806 lignum,
1374 1752 1520 1802 solem,
1554 1751 1711 1801 lunam,

184 1825 343 1875 stellas,
388 1825 555 1879 reptilia
599 1825 829 1866 animarum
873 1825 1083 1874 uiuarum,
1129 1823 1317 1865 uolatilia
1365 1822 1483 1872 caeli,
1530 1822 1710 1863 animam

300 1975 394 2009 2-4
420 1975 463 2009 cf.
491 1986 545 2020 ep.
571 1974 670 2010 XCII
698 1987 730 2019 p.
758 1974 838 2012 438.
865 1976 959 2009 3—4
1076 1974 1119 2008 10
1146 1974 1161 2008 Ι
1190 1972 1270 2008 Cor.
1300 1973 1353 2016 15,
1381 1972 1426 2006 53
1547 1972 1588 2006 13
1615 1971 1708 2005 Phil.

183 2034 215 2076 3,
241 2035 283 2069 21
360 2034 405 2068 20
431 2033 525 2068 Phil.
552 2033 586 2078 2,
614 2035 632 2068 7
708 2033 750 2067 21
780 2032 868 2067 Gen.
898 2034 928 2074 1,
954 2034 1069 2068 4—31

193 2122 195 2127 ’
232 2118 247 2151 1
277 2117 431 2151 uolentis
458 2117 494 2151 in
521 2127 648 2162 corpus
675 2119 882 2151 conuertere
909 2115 1074 2161 spiritum
1095 2114 1292 2149 HMFAP
1356 2116 1377 2148 4
1404 2115 1592 2164 pota-erunt
1618 2112 1711 2156 (fuit

183 2196 219 2237 u)
246 2194 282 2228 P
305 2194 488 2239 potuerint
513 2194 547 2228 L
644 2195 664 2228 5
692 2205 761 2228 non
789 2193 881 2228 enim
909 2193 1044 2227 dictum
1072 2195 1128 2226 est
1153 2203 1220 2227 om.
1248 2190 1281 2225 L
1391 2191 1411 2225 6
1439 2202 1459 2235 q
1488 2193 1547 2233 (=
1575 2190 1650 2234 qui)
1678 2190 1714 2224 P

230 2262 368 2296 corpos,
393 2263 437 2286 m.
465 2255 484 2285 1
509 2262 600 2286 corr.
628 2263 754 2296 corpus
781 2251 820 2285 H
917 2252 973 2295 ac]
1001 2262 1046 2285 an
1071 2250 1101 2284 O
1169 2250 1187 2283 7
1216 2248 1490 2294 quia-uidebit
1517 2259 1584 2283 om.
1609 2247 1710 2282 TOL

183 2311 204 2345 9
229 2313 323 2356 tota]
351 2317 415 2346 tua
440 2312 476 2345 P
550 2312 588 2346 11
618 2311 817 2356 spiritalem
839 2310 958 2345 MFA
1054 2312 1234 2344 mutemur
1260 2308 1337 2343 ΗΡ
1361 2310 1418 2351 (m.
1446 2310 1472 2342 2
1495 2308 1512 2341 l
1536 2309 1710 2349 mutetur)

186 2371 226 2405 12
252 2371 465 2415 ptractanda
489 2370 518 2405 O
570 2371 611 2404 14
639 2370 707 2404 sibi
734 2381 814 2410 om..
840 2381 884 2403 m.
907 2372 931 2403 2
957 2369 1042 2403 add.
1070 2368 1099 2401 O
1151 2368 1192 2402 15
1220 2367 1403 2402 subiecere
1429 2366 1511 2401 HF
1533 2365 1710 2400 subiaceri

183 2430 218 2463 A
315 2436 352 2464 et
377 2429 478 2474 deus]
508 2429 595 2464 deus
622 2432 659 2464 et
683 2430 713 2463 Ο
764 2430 806 2464 16
832 2428 973 2473 nolunt]
1000 2428 1139 2471 nolens,
1165 2439 1210 2462 m.
1241 2429 1262 2462 4
1289 2425 1338 2470 (ἓ)
1364 2437 1456 2462 corr.
1485 2425 1648 2460 nolentes
1673 2424 1713 2459 F

187 2489 226 2523 17
260 2488 365 2523 nisilll
397 2490 540 2533 <parua
571 2491 661 2532 ras.)
693 2488 729 2522 P
873 2487 1101 2532 corporabus,
1133 2498 1177 2520 m.
1210 2489 1229 2520 1
1261 2497 1351 2521 corr.
1391 2484 1636 2530 corporalibus
1670 2482 1712 2517 Η

231 2548 416 2583 enimom.
444 2549 479 2582 P
624 2548 666 2581 18
694 2553 729 2582 et
756 2548 830 2592 ipse
859 2550 898 2581 ut
925 2546 994 2580 ΜΗ
1024 2545 1054 2580 Ο
1085 2550 1121 2580 et
1148 2549 1189 2579 ut
1214 2546 1289 2590 ipse
1316 2544 1477 2579 HMAP
1501 2555 1572 2578 am
1606 2545 1642 2577 et
1669 2545 1710 2576 ut

185 2607 260 2652 ipse
285 2623 332 2639 m
358 2607 450 2651 (juia
477 2609 562 2649 non)
586 2607 626 2641 F
650 2610 688 2640 ut
716 2609 752 2640 et
778 2607 854 2651 ipse
881 2606 986 2650 eflr
1068 2606 1110 2640 19
1138 2604 1224 2649 quid
1252 2616 1320 2649 quo
1347 2606 1406 2646 (m.
1434 2606 1452 2636 1
1478 2613 1571 2637 corr.
1598 2601 1708 2647 quod)

190 2665 222 2700 Τ
244 2665 329 2710 quid
356 2670 374 2700 e
401 2665 494 2710 quod
522 2665 566 2699 M
592 2666 651 2710 qui
677 2668 733 2709 (m.
763 2668 789 2700 2
815 2664 914 2710 quid)
941 2664 1036 2709 quod
1062 2664 1098 2698 P
1240 2664 1284 2698 20
1312 2675 1332 2697 a.
1358 2674 1425 2696 om.
1453 2661 1603 2695 HFAP
1626 2660 1707 2695 edd.

177 2728 326 2769 praeter
350 2736 384 2758 m
457 2725 498 2758 21
528 2725 669 2758 firmato
698 2726 730 2757 A
830 2728 866 2758 et
891 2725 1001 2768 mare]
1029 2734 1126 2758 mare
1152 2723 1200 2756 M
