1952 3118
604 136 955 180 epistularum
994 134 1134 170 CLVII.
1544 138 1629 178 459

107 266 361 314 iudicium,
382 265 531 318 inquit,
555 278 606 306 ex
629 277 719 305 uno
747 266 793 306 in
822 265 1297 307 condemnationem.
1319 266 1418 319 quid
1441 267 1544 308 dicit
1564 272 1629 308 ‘ex

109 341 214 378 uno‘
247 336 326 376 nisi
352 335 562 377 ‘delicto'?
590 335 782 388 sequitur
808 336 938 377 enim:
973 335 1147 378 Gratia
1179 339 1343 378 autem
1373 350 1423 378 ex
1452 338 1628 380 multis

108 407 309 449 delictis
338 407 383 447 in
412 406 847 447 iustificationem.
869 419 966 461 ergo
987 407 1083 448 inde
1104 407 1307 449 iudicium
1331 408 1455 449 etiam
1480 421 1525 449 ex
1546 422 1629 450 uno

108 479 258 520 delicto
292 477 409 519 ducit
440 478 480 518 in
515 477 914 520 condemnationem.
949 477 1042 519 hinc
1076 480 1214 519 autem
1250 479 1382 531 gratia
1419 480 1543 521 etiam
1583 492 1629 520 ex

66 563 83 591 ⁵
107 550 247 591 multis
270 549 435 590 delictis
458 548 576 590 ducit
594 548 634 589 in
656 548 1013 590 justificationem.
1036 552 1300 602 quapropter.
1317 550 1351 590 si
1373 563 1452 591 non
1476 550 1631 592 audent

107 622 298 663 resistere
332 620 538 674 apostolo,
567 622 772 673 exponant
805 619 938 669 nobis,
967 632 1048 673 qua
1074 633 1116 661 re
1144 620 1347 661 iudicium
1381 634 1426 661 ex
1455 634 1535 661 uno
1563 621 1628 662 de-

104 693 202 733 licto
231 690 355 731 ducat
381 691 421 731 in
449 690 850 739 condemnationem,
879 703 971 731 cum
1002 704 1048 731 ex
1074 690 1220 731 multis
1247 691 1412 732 delictis
1440 691 1628 733 homines

106 762 324 804 damnandi
367 763 537 803 ueniant
580 761 630 802 ad
674 761 890 803 iudicium.
938 763 1009 802 aut
1049 761 1083 802 si
1122 764 1339 815 propterea
1378 762 1435 803 ita
1468 762 1627 803 dietum

106 836 264 888 putant.v
298 833 395 886 quia
426 833 592 874 initium
625 832 787 886 peccati
815 845 860 873 ex
886 832 1020 873 Adam
1047 833 1204 874 factum
1233 836 1310 881 est,
1338 833 1449 886 quod
1475 833 1629 875 imitati

49 917 82 944 10
105 908 202 947 sunt
233 905 374 955 ceteri,
410 907 456 945 ut
488 904 547 945 sic
582 917 627 945 ex
662 904 733 944 illo
768 917 849 944 uno
884 903 1035 945 delicto
1069 903 1109 944 in
1143 903 1346 945 iudicium
1382 904 1627 945 condemna-

104 977 341 1028 tionemque
374 975 650 1017 traherentur.
685 975 755 1028 qui
795 987 888 1015 eum
929 974 1132 1016 imitando
1166 975 1300 1016 multa
1332 977 1626 1028 peccauerunt,

106 1060 176 1090 our
214 1060 292 1088 non
327 1046 453 1087 etiam
488 1046 536 1087 de
571 1045 703 1099 gratia
737 1049 777 1087 et
809 1045 1107 1087 iustificatione
1142 1046 1200 1087 sic
1236 1045 1396 1087 dictum
1430 1048 1521 1087 est?
1555 1059 1629 1087 cur

104 1130 180 1160 non
210 1118 312 1159 dixit
338 1118 551 1159 similiter:
578 1117 631 1158 Et
658 1117 792 1171 gratia
820 1130 865 1158 ex
893 1130 975 1158 uno
1004 1117 1157 1158 delicto
1185 1117 1224 1158 in
1253 1117 1626 1159 iustificationem‘?

105 1189 212 1230 sicut
256 1188 364 1229 enim
410 1189 627 1230 hominum
673 1188 806 1229 multa
845 1188 996 1229 delicta
1041 1188 1149 1229 inter
1185 1188 1292 1228 illud
1330 1201 1476 1237 unum,
1516 1188 1625 1241 quod

47 1271 80 1298 ιο
103 1260 253 1302 imitati
287 1262 397 1309 sunt,
429 1263 469 1300 et
496 1259 714 1308 iudicium,
742 1272 823 1312 quo
851 1260 1093 1313 puniuntur,
1121 1259 1257 1300 media
1283 1260 1545 1312 reperiuntur
1570 1284 1626 1288 —

103 1331 152 1373 ab
191 1344 270 1372 uno
311 1331 463 1385 quippe
503 1331 553 1371 ad
592 1331 726 1371 multa
764 1334 980 1381 uenerunt,
1019 1333 1067 1372 ut
1099 1344 1122 1371 a
1154 1330 1300 1372 multis
1334 1330 1384 1371 ad
1422 1330 1625 1372 iudicium

103 1403 493 1455 damnationemque
527 1402 776 1443 ducerentur
807 1426 876 1452 —,
908 1402 967 1443 sic
1002 1402 1146 1443 eadem
1174 1402 1308 1443 multa
1335 1401 1486 1442 delicta
1520 1402 1627 1443 inter

102 1474 177 1515 hoo
209 1474 347 1527 ipsum
375 1486 520 1522 unum,
554 1473 674 1514 cuius
702 1473 934 1514 imitatione
962 1473 1190 1515 commissa
1218 1476 1328 1517 sunt.
1363 1476 1405 1514 et
1432 1472 1623 1526 gratiam,

102 1558 178 1598 qua
219 1545 500 1593 dimittuntur,
546 1544 691 1585 eodem
732 1543 856 1585 modo
896 1543 1032 1585 media
1074 1547 1184 1587 sunt.
1231 1543 1426 1597 quoniam
1468 1557 1514 1584 ex
1551 1544 1623 1585 illo

44 1626 181 1658 muno
214 1616 264 1656 ad
298 1616 431 1657 multa
471 1618 689 1664 uenerunt,
729 1618 776 1657 ut
809 1628 856 1656 ex
888 1615 1034 1656 multis
1068 1615 1120 1656 ad
1151 1615 1330 1669 gratiam
1369 1614 1624 1656 iustificandi

99 1687 295 1729 uenirent.
323 1700 417 1728 eum
445 1700 542 1741 ergo
571 1687 609 1727 in
639 1690 831 1740 utroque,
859 1686 901 1728 id
929 1691 993 1728 est
1021 1689 1062 1727 et
1087 1687 1127 1728 in
1156 1687 1312 1728 iudicio
1340 1689 1382 1727 et
1407 1686 1446 1727 in
1475 1686 1623 1740 gratia,

99 1758 207 1811 quod
245 1759 405 1800 adtinet
443 1758 492 1799 ad
533 1771 662 1799 unum
702 1762 743 1800 et
782 1758 916 1799 multa
956 1757 1123 1807 delicta,
1169 1770 1250 1798 una
1295 1757 1524 1811 eademque
1570 1757 1625 1798 sit

99 1830 215 1879 ratio,
248 1829 386 1871 dicant
419 1829 490 1871 isti
519 1829 653 1877 nobis,
688 1842 769 1882 qua
796 1842 838 1870 re
866 1829 1070 1870 iudicium
1105 1829 1253 1870 dixerit
1280 1841 1325 1870 ex
1353 1842 1435 1870 uno
1469 1828 1622 1870 delicto

99 1900 245 1942 ducere
278 1901 316 1941 in
351 1900 752 1951 condemnationem,
787 1900 962 1954 gratiam
997 1913 1094 1941 uero
1130 1913 1176 1941 ex
1208 1899 1355 1941 multis
1389 1899 1557 1941 delictis
1583 1899 1622 1940 in

42 1982 78 2011 ιο
98 1970 450 2021 iustiti-tationem⁷
484 1975 558 2012 aut
589 1971 863 2025 adquiescant
894 1971 987 2013 ideo
1022 1971 1082 2012 sic
1115 1984 1208 2012 esse
1242 1970 1417 2022 dictum,
1452 1970 1549 2024 quia
1582 1970 1622 2010 in

98 2041 171 2083 hac
205 2055 330 2084 eausa
356 2043 437 2084 duo
472 2042 789 2084 constituuntur
820 2042 1026 2091 homines,
1060 2041 1208 2092 Adam,
1244 2055 1291 2083 ex
1317 2054 1399 2095 quo
1427 2041 1625 2083 subsistit

99 2114 306 2167 generatio
346 2113 537 2155 carnalis,
582 2118 623 2154 et
657 2113 865 2162 Christus,
906 2125 952 2153 ex
986 2126 1067 2165 quo
1108 2113 1367 2167 regeneratio
1407 2112 1621 2166 spiritalis.

100 2183 170 2225 sed
202 2184 298 2237 quia
331 2186 491 2226 tantum
525 2184 596 2225 ille
629 2184 766 2234 homQ
799 2183 879 2225 iste
912 2186 1052 2225 autem
1089 2187 1130 2225 et
1157 2183 1259 2225 deus
1288 2187 1328 2225 et
1355 2183 1494 2228 homo.
1528 2197 1621 2233 non,

146 2324 166 2357 3
192 2335 229 2358 ex
258 2335 327 2358 uno
354 2324 461 2358 etiam
488 2324 601 2368 siyne's
627 2335 717 2359 corr.
747 2324 780 2357 1*
874 2325 894 2357 4
922 2323 1005 2357 hinc
1033 2327 1065 2365 (c
1090 2337 1117 2358 s.
1146 2335 1180 2357 u.
1209 2335 1251 2358 m.
1280 2326 1312 2359 1>
1345 2323 1375 2356 l’
1478 2323 1497 2352 5·
1526 2321 1622 2355 ducit

101 2391 178 2421 om..
205 2394 248 2416 m.
282 2387 306 2417 ἰ.)
333 2383 417 2418 add.
444 2383 478 2417 L
575 2386 596 2416 ὅ
625 2387 778 2428 exponat
800 2383 863 2417 (Ὀ
986 2383 1029 2417 10
1056 2385 1140 2417 sunt
1166 2385 1199 2416 et
1228 2383 1335 2417 ceteri
1358 2383 1390 2415 I'
1414 2382 1519 2416 ceteri
1542 2383 1623 2414 sunt

105 2439 138 2474 Τ
159 2441 236 2475 edd.
357 2453 427 2476 uno
454 2442 516 2476 illo
549 2442 580 2476 T
604 2442 683 2477 edd.
786 2442 821 2475 11
852 2445 1046 2486 peccarunt
1072 2441 1145 2476 PT
1169 2441 1250 2476 edd.
1359 2443 1398 2475 12¹
1425 2441 1542 2484 gratia
1569 2440 1620 2482 ct!

101 2501 234 2545 gratiae
264 2501 295 2534 I'
430 2502 702 2536 iustificatione*
728 2503 757 2535 (J
780 2501 1072 2535 iustiticationein
1098 2505 1146 2544 (m
1173 2503 1265 2545 exp.)
1297 2502 1326 2531 l)
1450 2501 1492 2533 13
1518 2499 1620 2533 insti-

101 2558 263 2594 ficatione
294 2564 323 2593 t)
421 2562 464 2596 1&
492 2562 595 2607 ipsud
622 2562 657 2596 Ρ
758 2563 803 2595 20
831 2572 898 2594 uno
927 2560 972 2595 ad
997 2571 1064 2595 om.
1092 2561 1127 2594 1¹
1229 2561 1270 2595 ‘21
1302 2564 1336 2594 et
1364 2559 1494 2593 iudicio
1523 2561 1557 2591 et
1585 2558 1620 2592 in

96 2676 178 2711 eod.
210 2677 290 2712 Vae.
412 2679 456 2713 22
484 2679 574 2713 ratio
602 2679 648 2712 sit
676 2679 756 2714 edd.
871 2678 917 2712 ‘24
943 2682 1011 2722 gia
1038 2677 1069 2712 L
1180 2678 1225 2711 ΕΖΓ»
1253 2677 1417 2711 mamis-tit
1451 2676 1621 2718 'I'slrm

103 2733 146 2769 27
172 2737 354 2780 generatio
385 2738 416 2771 I'
440 2738 531 2782 Eusr.
606 2739 650 2772 2<
678 2742 796 2772 autem
825 2737 910 2771 «lt-us
941 2738 972 2770 I’

102 2618 216 2662 gratia
243 2620 306 2654 (11)
337 2624 372 2654 et
404 2619 535 2654 iudicio
570 2624 605 2655 et
638 2621 755 2665 gratia
788 2620 819 2654 Τ
847 2619 927 2655 edd.
954 2620 987 2653 in
1021 2619 1152 2653 iudicio
1186 2622 1221 2653 ct
1254 2619 1290 2652 in
1318 2618 1433 2660 gratia
1461 2617 1623 2661 It'nqippi
1682 2643 1685 2646 -
