1844 3122
81 298 107 339 3

111 960 142 984 10

111 1314 143 1340 15

112 1669 146 1694 20

109 2025 144 2050 25

669 176 1020 221 epistularum
1060 174 1196 210 CXXV.
1672 178 1696 216 5

227 304 335 347 Nam
368 305 480 358 quod
507 305 728 360 scripsisti,
756 305 805 347 de
839 318 988 360 genere
1020 304 1241 347 iurationis
1275 304 1482 345 uiolenter
1514 306 1696 345 extortae

169 379 218 417 ut
248 376 356 418 inter
380 388 454 418 nos
477 376 756 429 requiramus,
785 377 959 419 obsecro
986 379 1042 427 te,
1069 388 1120 418 ne
1147 388 1213 418 res
1239 374 1527 417 lucidissimas
1555 374 1697 427 dispu-

169 447 272 489 tatio
305 450 446 489 nostra
477 447 603 489 faciat
635 448 850 490 obscuras.
890 448 926 489 si
967 447 1077 489 enim
1118 449 1231 488 certa
1262 459 1373 488 mors
1406 446 1696 488 intentaretur.

171 521 218 560 ut
242 518 401 571 aliquid
432 518 640 560 inlicitum
668 530 714 560 ac
740 518 945 560 nefarium
974 531 1124 560 seruus
1151 518 1217 559 dei
1244 530 1288 559 se
1315 517 1471 559 iuraret
1497 529 1589 559 esse
1616 516 1698 558 fac-

170 593 325 639 turum,
352 589 457 631 mori
484 589 608 630 malle
636 602 760 642 quam
786 589 922 631 iurare
949 589 1163 639 debuerat,
1190 601 1240 630 ne
1267 588 1516 630 iurationem
1540 588 1696 630 scelere

168 660 374 714 impleret.
407 673 514 702 nunc
547 673 662 711 uero,
695 673 791 702 cum
823 662 989 703 tantum
1020 661 1146 702 modo
1185 660 1331 714 populi
1370 660 1697 713 perseuerantis-

169 731 302 772 simus
341 731 499 773 clamor
536 731 586 772 ad
624 732 787 773 nullum
827 732 942 773 nefas
980 731 1194 773 hominem
1233 735 1404 785 cogeret
1441 731 1513 771 sed
1551 730 1602 771 ad
1640 730 1697 780 id,

169 802 294 855 quod,
334 802 369 843 si
406 802 538 853 fieret,
576 802 693 845 licite
731 803 862 853 fieret,
903 816 1083 856 cumque
1122 804 1383 844 metueretur
1425 801 1608 856 quidem,
1649 814 1698 842 ne

168 873 297 927 aliqui
347 873 514 927 perditi,
566 874 637 927 qui
687 874 951 916 multitudini
1009 874 1135 915 etiam
1190 873 1393 915 bonorum
1451 873 1697 926 plerumque

168 944 410 994 miscentur,
450 945 667 986 occasione
707 944 926 986 seditionis
966 948 1007 986 et
1051 944 1172 998 quasi
1215 945 1352 986 iustae
1396 943 1698 998 indignationis

167 1014 336 1056 inuenta
368 1015 408 1055 in
443 1015 626 1068 aliquam
660 1016 746 1057 uim
781 1016 1027 1058 sceleratam
1060 1015 1297 1069 rapinarum
1338 1014 1568 1069 cupiditate
1608 1028 1698 1068 pro-

168 1090 424 1140 rumperent,
453 1086 525 1127 sed
557 1089 698 1128 tamen
731 1086 852 1137 illud,
881 1086 992 1140 quod
1018 1087 1300 1137 metuebatur,
1334 1087 1448 1128 esset
1478 1086 1698 1128 incertum.

169 1157 263 1210 quis
297 1160 465 1199 censeat
497 1160 666 1212 propter
696 1158 857 1200 incerta
887 1171 968 1199 non
1002 1157 1095 1199 dico
1129 1157 1280 1199 damna
1313 1159 1354 1200 et
1387 1157 1600 1211 quaslibet
1640 1158 1698 1198 in-

167 1228 296 1270 iurias
330 1228 566 1282 corporales
594 1228 667 1270 sed
693 1231 864 1283 propter
894 1229 1030 1282 ipsam
1063 1230 1241 1271 mortem
1275 1228 1502 1270 cauendam
1537 1232 1698 1270 certum

168 1299 396 1354 periurium
430 1300 580 1341 debere
613 1300 850 1342 committi?
885 1300 1026 1342 nescio
1061 1299 1155 1353 quis
1194 1300 1265 1341 ille
1297 1300 1488 1354 Regulus
1521 1300 1625 1341 nihil
1657 1301 1696 1341 in

170 1371 389 1424 scripturis
422 1371 578 1413 sanctis
612 1371 661 1412 de
693 1371 911 1424 impietate
943 1371 1075 1413 falsae
1108 1371 1329 1413 iurationis
1363 1371 1566 1413 audierat.
1595 1371 1699 1412 nihil

171 1441 220 1483 de
253 1442 477 1484 Zachariae
509 1442 615 1483 falce
649 1442 853 1484 didicerat
884 1444 926 1483 et
951 1442 1147 1483 nimirum
1183 1442 1584 1496 Carthaginensibus
1617 1455 1696 1484 non

171 1525 244 1566 per
274 1516 532 1555 sacramenta
559 1512 717 1555 Christi
749 1513 822 1554 sed
854 1526 927 1567 per
959 1513 1210 1555 daemonum
1241 1512 1558 1566 inquinamenta
1589 1514 1696 1554 iura-

170 1587 289 1625 uerat
337 1585 379 1625 et
426 1587 567 1625 tamen
617 1584 875 1626 certissimos
926 1584 1135 1626 cruciatus
1185 1587 1228 1626 et
1276 1583 1470 1625 horrendi
1521 1584 1698 1638 exempli

171 1657 349 1696 mortem
398 1667 494 1703 non,
545 1658 594 1696 ut
642 1655 800 1697 iuraret
849 1656 1115 1706 necessitate,
1166 1655 1399 1709 pertimuit,
1445 1655 1519 1698 sed
1566 1655 1699 1697 libera

170 1726 402 1775 uoluntate,
441 1726 539 1780 quia
580 1726 805 1779 iurauerat‚
851 1740 901 1768 ne
944 1727 1164 1781 peieraret,
1210 1726 1383 1781 excepit.
1427 1729 1469 1768 et
1512 1725 1698 1768 Romana

169 1800 267 1838 tunc
300 1797 374 1838 illa
406 1809 582 1839 censura
612 1798 750 1840 noluit
774 1798 926 1840 habere
959 1811 1037 1839 non
1071 1798 1112 1839 in
1146 1811 1317 1840 numero
1352 1800 1592 1840 sanctorum
1625 1798 1697 1839 sed

169 1868 210 1909 in
250 1881 423 1910 numero
463 1871 703 1911 senatorum
742 1882 819 1911 nec
856 1870 897 1911 in
937 1869 1109 1911 caelesti
1146 1869 1280 1924 gloria
1319 1869 1392 1911 sed
1430 1868 1471 1910 in
1510 1869 1698 1911 terrestri

170 1939 283 1981 curia
314 1952 394 1982 non
428 1940 565 1982 solum
599 1953 686 1990 eos,
711 1940 783 1994 qui
808 1943 925 1982 metu
952 1940 1099 1982 mortis
1127 1940 1445 1994 crudeliumque
1471 1953 1697 1994 poenarum

170 2010 434 2063 apertissime
464 2011 648 2064 peierare
682 2024 807 2064 quam
840 2012 891 2053 ad
922 2011 1125 2053 immanes
1162 2011 1306 2053 hostes
1344 2024 1528 2053 remeare
1567 2012 1697 2052 malu-

169 2084 304 2131 erunt,
338 2081 411 2123 sed
443 2082 570 2123 etiam
601 2081 736 2132 illum,
771 2082 842 2136 qui
874 2084 991 2124 reatu
1024 2082 1196 2136 periurii
1235 2095 1279 2123 se
1317 2084 1541 2136 putauerat
1579 2082 1697 2124 abso-

290 2221 332 2254 15
359 2220 431 2255 Cic.
460 2219 502 2254 (le
530 2220 588 2254 off.
615 2220 632 2254 1
660 2221 713 2261 13,
740 2222 881 2255 39—40
957 2221 998 2255 17
1026 2221 1129 2254 Zaeh.
1156 2222 1189 2263 5,
1218 2221 1309 2255 1—3

219 2302 233 2334 1
263 2301 479 2336 turbationis
512 2301 543 2336 V
567 2304 625 2346 (m.
652 2305 671 2336 1
697 2313 786 2337 corr.
815 2303 1018 2338 iurationis)
1052 2301 1086 2336 U
1150 2303 1170 2336 2
1199 2301 1398 2347 disputatio
1426 2314 1505 2337 mea
1531 2302 1640 2337 saciat
1667 2301 1699 2335 l*

169 2359 414 2405 disputatione
440 2361 625 2406 faciamus,
650 2362 713 2396 sed
739 2374 781 2396 ne
807 2362 978 2396 faciamus
1005 2362 1045 2396 in
1070 2372 1146 2396 ras.
1173 2372 1231 2405 (m.
1259 2361 1330 2404 2?)
1364 2361 1397 2395 V
1462 2363 1482 2396 3
1510 2361 1697 2403 intaretur,

168 2431 212 2454 m.
240 2423 258 2453 1
284 2431 374 2456 corr.
401 2422 643 2455 intentaretur
669 2421 712 2455 H
770 2422 790 2456 9
817 2432 1001 2466 ponorum,
1027 2431 1118 2456 corr.
1145 2421 1317 2455 bonorum
1351 2420 1384 2453 V
1445 2421 1485 2454 17
1514 2420 1697 2455 cachariae

168 2477 212 2511 H
305 2478 411 2523 falce]
440 2478 620 2513 uolumine
649 2479 886 2523 cocldqflsr
909 2490 976 2513 sec.
1011 2478 1117 2523 Vulq.
1145 2478 1330 2523 (Septuay.
1359 2478 1555 2524 δρέπανον);
1582 2478 1695 2512 Μαι(-

168 2537 245 2570 riw'
271 2536 474 2571 adnotant:
499 2537 602 2572 ι11133.
633 2538 735 2581 Cdd.‚
762 2548 851 2581 quos
883 2538 1058 2581 inspicere
1085 2548 1151 2581 per
1176 2549 1243 2572 nos
1275 2538 1389 2579 licuit,
1417 2537 1640 2571 Sorbom'cus
1666 2542 1697 2571 et

167 2596 436 2631 uetustissirmcs
465 2597 691 2640 optimaeque
722 2601 832 2631 notae
865 2597 1092 2631 corbeiensis
1122 2597 1256 2631 habent
1289 2596 1332 2630 de
1365 2595 1556 2630 Zachariae
1595 2596 1697 2632 falce.

167 2665 276 2698 quam
299 2665 511 2699 yermanam
538 2655 722 2690 lectionem
742 2667 814 2690 esse
832 2666 907 2690 non
928 2648 1162 2690 dubitamus-⁹.
1215 2657 1256 2689 18
1278 2658 1500 2690 sacramenta
1520 2658 1698 2694 (ramenta

167 2724 212 2747 m.
241 2715 266 2747 2
292 2714 330 2746 in
356 2716 443 2755 ras.)
475 2713 509 2747 V
601 2715 643 2748 21
674 2725 744 2759 qua
769 2716 804 2757 (a
831 2715 870 2748 in
897 2717 982 2756 ras.)
1016 2713 1048 2747 V
1143 2725 1186 2748 ne
1213 2715 1366 2758 pieraret
1401 2714 1432 2747 T
1455 2725 1498 2747 ne
1526 2714 1571 2747 im
1600 2713 1696 2757 peie-

168 2775 263 2806 raret
288 2772 351 2818 (im
379 2772 462 2812 del.)
490 2772 525 2807 R
601 2774 645 2807 ‘25
673 2773 874 2807 maluerant
901 2784 933 2807 m
