1952 3118
614 240 631 261 e
647 240 667 272 p
684 229 694 262 i
710 240 724 262 s
739 234 754 262 t
769 240 789 261 u
804 228 814 262 l
831 240 850 262 a
865 240 880 263 r
895 240 914 262 n
931 241 963 263 m
1004 228 1195 263 CLXXIII.
1582 232 1667 271 645

142 355 198 396 ibi
239 356 475 398 Christiana
518 358 657 399 unitas
703 361 743 400 et
789 359 919 400 sancti
961 359 1136 412 spiritus
1176 359 1342 402 caritas,
1389 359 1488 412 quid
1534 359 1669 400 adhuc

141 426 217 467 tibi
251 439 344 468 esse
377 428 538 469 conaris
571 429 794 469 inimicus?

61 508 72 535 t
203 497 298 538 Ideo
325 499 537 550 praestitit,
563 499 850 540 misericordia
877 500 956 543 dei.
991 504 1037 541 ut
1070 503 1111 542 et
1138 513 1211 541 nos
1245 506 1286 540 et
1319 500 1504 554 episcopi
1541 501 1667 541 nestri

141 577 226 609 tam
266 569 475 622 frequenti
514 582 822 623 numerosoque
855 574 1066 612 conuentu
1100 571 1394 624 Carthaginem
1431 571 1670 612 neniremus

103 656 118 679 5
142 646 266 692 atque
293 641 399 681 inter
425 654 499 682 nos
527 642 576 682 de
608 642 701 695 ipsa
733 642 994 683 dissensione
1028 642 1341 683 ordinatissime
1375 643 1670 683 conferremus.

143 720 262 764 gesta
300 713 540 766 conscripta
578 717 689 754 sunt.
730 716 896 754 nostrae
936 713 1063 754 etiam
1097 713 1430 766 subscriptiones
1465 716 1670 755 tenentur.

142 782 233 835 lege
270 783 334 823 uel
368 787 522 836 patere.
557 786 604 825 ut
636 783 713 824 tibi
747 783 925 837 legatur.
960 787 1001 824 et
1032 787 1132 824 tunc
1167 783 1289 837 elige,
1325 783 1435 835 quod
1470 783 1670 824 uolneris.

142 853 300 901 audiui,
335 854 446 906 quod
473 854 623 895 dixeris
650 867 774 907 posse
801 857 842 895 te
868 854 1088 895 nobiscum
1123 853 1172 894 de
1204 854 1309 907 ipsis
1344 854 1476 907 gestis
1511 853 1671 906 aliquid

142 938 277 977 agere,
300 924 335 966 si
356 926 603 967 omittamus
626 926 755 967 uerba
775 926 1068 979 episcoporum
1090 927 1343 966 uestrorum.
1365 924 1437 964 ubi
1460 923 1668 965 dixerunt:

87 1012 116 1034 ιι]
143 995 242 1037 ‘Nec
289 1009 415 1038 causa
459 1009 609 1038 causae
654 1010 729 1038 nec
774 1009 951 1050 persona
996 1009 1196 1050 personae
1235 995 1524 1049 praeiudicat'.
1570 996 1671 1036 haec

143 1067 271 1108 uerba
315 1070 380 1108 uis
427 1068 688 1110 omittamus.
741 1068 812 1108 ubi
858 1081 931 1121 per
975 1080 1046 1108 eos
1093 1067 1327 1108 nescientes
1375 1067 1531 1107 ueritas
1582 1066 1672 1119 ipsa

143 1138 286 1179 locuta
323 1143 400 1180 est.
441 1138 515 1179 sed
553 1141 598 1179 tu
638 1138 828 1179 dicturus
868 1151 912 1179 es
952 1138 1018 1179 liic
1058 1151 1128 1179 eos
1170 1151 1330 1178 errasse
1369 1140 1411 1179 et
1449 1138 1488 1178 in
1523 1138 1671 1178 falsam

144 1209 390 1250 sententiam
436 1210 646 1251 incautius
693 1210 915 1252 cecidisse:
962 1222 1036 1250 nos
1084 1212 1223 1250 autem
1263 1209 1444 1250 dicimus
1485 1209 1561 1249 hoc
1602 1219 1673 1249 eos

144 1293 289 1321 uerum
334 1280 487 1322 dixisse
533 1284 573 1322 et
618 1281 696 1322 hoc
741 1294 813 1334 per
851 1284 892 1322 te
930 1281 1070 1334 ipsum
1110 1280 1310 1321 facillime
1356 1279 1593 1332 probamus.
1638 1279 1671 1319 si

85 1365 115 1390 ιε,
143 1351 250 1391 enim
303 1351 487 1405 episcopi
540 1353 672 1393 uestri
717 1352 838 1393 electi
885 1352 933 1392 ab
982 1352 1176 1392 uniuersa
1222 1354 1337 1404 parte
1384 1349 1673 1403 Donati.'qni

144 1435 314 1462 causam
354 1423 541 1463 omnium
583 1423 839 1464 sustinerent
878 1429 933 1472 et,
973 1423 1007 1463 si
1048 1422 1149 1475 qnid
1189 1422 1392 1475 egissent.
1433 1425 1597 1475 gratum
1633 1426 1674 1462 et

144 1496 363 1545 acceptum
405 1493 532 1534 ceteri
565 1494 781 1535 haberent.
821 1497 957 1534 tamen
993 1493 1031 1534 in
1066 1506 1128 1539 eo,
1168 1493 1279 1545 quod
1312 1493 1408 1534 illos
1442 1497 1599 1543 temere
1633 1499 1674 1533 et

145 1577 222 1604 non
246 1569 355 1605 recte
383 1564 536 1606 dixisse
563 1565 791 1613 arbitraris,
819 1577 898 1606 non
926 1565 993 1606 uis
1022 1568 1070 1606 ut
1096 1565 1172 1605 tibi
1200 1564 1497 1617 praeiudicent.
1527 1576 1672 1604 uerum

144 1648 241 1683 ergo
281 1636 484 1684 dixerunt,
525 1636 622 1689 qnia
660 1637 746 1677 ‘nec
786 1648 913 1677 causa
952 1648 1103 1677 causae
1143 1648 1216 1676 nec
1256 1647 1434 1688 persona
1471 1647 1672 1687 personae

84 1722 118 1745 ενι
144 1706 428 1760 praeiudicat’.
451 1710 493 1748 et.
517 1706 574 1747 ibi
603 1706 729 1748 debes
758 1719 998 1761 agnoscere.
1027 1707 1138 1759 quia.
1160 1707 1195 1747 si
1223 1719 1396 1760 persona
1426 1709 1489 1746 tot
1516 1705 1675 1759 episco-

147 1791 293 1831 porum
320 1781 489 1819 tuorum
515 1778 555 1818 in
583 1777 668 1818 illis
697 1782 858 1831 septem
887 1778 1213 1819 constitutorum
1242 1790 1320 1818 non
1348 1777 1413 1818 uis
1441 1781 1488 1818 ut
1514 1775 1673 1830 praeiu-

146 1849 258 1889 dicet
283 1861 483 1902 personae
512 1849 664 1890 Donati
692 1849 1042 1903 Mutugennensis
1077 1848 1324 1902 presbyteri,
1353 1851 1507 1901 quanto
1535 1847 1674 1888 minus

148 1933 225 1960 non
254 1920 377 1961 debet
405 1920 690 1974 praeiudicare
718 1919 944 1962 Caeciliani
971 1932 1161 1972 persona.
1195 1919 1363 1960 etiamsi
1390 1918 1489 1959 mali
1515 1917 1674 1970 aliquid

148 1991 187 2031 in
221 1990 293 2032 illo
327 1995 440 2032 esset
472 1991 707 2036 inuentum,
743 1991 962 2032 uniuersae
996 1990 1148 2031 unitati
1183 1989 1351 2040 Christi,
1383 2002 1489 2042 quae
1522 2002 1600 2029 non
1635 1989 1673 2028 in

87 2075 122 2100 κε)
149 2075 228 2103 una
278 2062 380 2103 uilla
425 2061 687 2116 Mutugenna
732 2061 1011 2109 concluditur,
1063 2061 1136 2101 sed
1186 2063 1276 2102 toto
1327 2063 1531 2101 terrarum
1578 2059 1675 2100 orbe

149 2133 414 2173 diffunditur!

270 2272 311 2305 10
333 2271 376 2305 cf.
395 2271 486 2315 Aug.
508 2270 604 2304 bren.
633 2270 723 2304 conl.
751 2282 828 2304 curn
850 2271 981 2305 Donat.
1009 2270 1063 2304 111
1087 2271 1140 2306 145,
1163 2272 1225 2309 ‘283
1255 2269 1299 2303 ad
1319 2269 1451 2303 Donat.
1480 2274 1561 2313 post
1583 2268 1675 2301 conl.

148 2333 168 2364 2
194 2342 272 2375 sqq.
298 2331 434 2374 (Migne
462 2331 588 2375 patrol.
617 2330 679 2364 lat.
707 2330 824 2364 xum
852 2342 884 2374 p.
912 2330 993 2369 641,
1022 2330 1061 2371 ῖ;
1087 2331 1168 2368 653,
1195 2331 1241 2363 45»
1269 2331 1362 2373 sqq.)

201 2414 213 2447 l
243 2413 308 2457 ibi}
336 2412 386 2447 ibi
413 2416 467 2447 est
492 2413 570 2447 edd.
700 2413 771 2457 qui.
800 2425 841 2446 m.
870 2416 888 2446 1
914 2424 1004 2446 corr.
1032 2412 1117 2457 quid
1144 2411 1184 2446 F
1300 2414 1320 2444 ι’)
1349 2412 1613 2445 consererennrs
1643 2411 1679 2444 1²

150 2473 170 2503 6
197 2476 319 2506 nostra
345 2473 453 2506 etiam
481 2472 765 2517 subscriptione*-
785 2472 918 2515 (fuisse
946 2471 1020 2507 nid.
1048 2483 1077 2509 s)
1107 2472 1146 2506 F
1313 2472 1330 2503 7
1358 2471 1527 2514 legantur
1546 2471 1596 2513 sl
1613 2480 1630 2502 ι·
1645 2481 1676 2503 ιη

154 2532 195 2566 10
222 2533 342 2575 eausa]
369 2542 476 2565 causa
500 2542 544 2565 ne
571 2534 628 2574 (ne
656 2531 737 2571 del.)
767 2531 796 2563 (J
859 2532 897 2564 11
928 2531 1058 2564 omitt-fr
1096 2530 1155 2564 ubi
1176 2531 1212 2564 P
1277 2530 1316 2564 12
1344 2530 1464 2563 locuta
1489 2532 1545 2572 (κ
1569 2538 1676 2569 eras.)

151 2595 168 2624 {-
196 2589 244 2624 Ρ1
346 2592 385 2624 13
413 2591 565 2624 incautis
595 2591 625 2624 C
731 2590 890 2623 dicemus
919 2590 953 2622 P
1059 2590 1124 2623 hoc
1150 2601 1216 2623 om.
1246 2589 1279 2622 1¹
1372 2589 1411 2621 16
1438 2587 1618 2622 sustinent
1644 2587 1678 2620 P

155 2650 195 2684 18
223 2649 414 2683 arbitrares
441 2650 474 2682 A
602 2660 671 2683 non
699 2650 769 2692 uis}
798 2648 901 2682 nobis
928 2648 966 2682 F
1077 2648 1123 2682 20
1150 2647 1244 2692 quod
1275 2649 1305 2681 (J
1447 2656 1615 2690 personas
1644 2647 1676 2678 A

151 2709 191 2742 21
222 2707 416 2752 praedicet,
443 2721 485 2741 m.
514 2711 539 2742 ,2
563 2707 786 2753 praeiudicet
813 2708 848 2741 P
925 2708 969 2741 23
997 2707 1121 2753 cecilia
1148 2708 1182 2741 A
1269 2709 1313 2741 2¹4
1341 2707 1472 2740 unitati
1497 2710 1626 2749 ‘postia
1653 2705 1675 2738 l.

154 2770 189 2802 in
224 2778 295 2802 ras.
330 2779 373 2800 ιιι.
401 2770 430 2809 1)
456 2767 492 2800 Ρ
522 2767 672 2806 unitate,
700 2779 742 2801 m.
772 2770 796 2800 ΑΞ
823 2767 954 2800 unitati
982 2766 1027 2800 M
1146 2767 1180 2800 in
1210 2777 1313 2800 unam
1342 2766 1430 2799 uilla.
1456 2767 1678 2807 mutugenna

153 2831 262 2871 (pust.
288 2845 322 2854 x
349 2838 391 2862 m.
410 2827 576 2870 sortasse
596 2831 632 2868 72)
654 2827 688 2860 P
734 2827 779 2859 25
806 2837 994 2869 mugenna.
1018 2838 1061 2859 m.
1084 2830 1121 2859 ut
1150 2826 1224 2859 uid.
1248 2828 1263 2858 1
1283 2835 1374 2859 corr.
1402 2827 1623 2868 mutugenna
1643 2823 1678 2857 R
