1952 3118
190 649 214 687 [0

189 1512 212 1552 02

252 165 336 206 690
727 163 761 196 S.
801 163 983 196 Aureli
1023 164 1310 207 Augustini

251 293 414 345 busque
454 293 805 346 temptationibus
845 293 1004 334 uirtute
1045 293 1291 346 superandis
1331 295 1418 335 sine
1458 295 1544 335 ullo
1586 295 1780 350 deinceps

251 363 459 405 adiutorio
500 364 658 418 gratiae
698 364 764 405 dei
797 364 978 405 naturali
1009 364 1294 417 possibilitate
1328 366 1550 406 humanam
1588 367 1780 408 sufficere

250 435 528 476 uoluntatem.
568 447 642 476 nec
683 435 883 488 paruulos
921 434 1108 488 indigere
1142 435 1277 490 gratia
1310 435 1549 486 saluatoris,
1591 450 1673 489 qua
1710 450 1782 490 per

251 507 341 548 eius
380 506 639 558 baptismum
681 519 702 546 a
734 506 968 558 perditione
1006 506 1250 547 liberentur.
1286 519 1347 555 eo,
1384 507 1494 559 qnod
1532 509 1695 549 nullum
1736 522 1781 550 ex

250 578 381 619 Adam
419 578 658 632 contagium
695 576 975 618 damnationis
1009 577 1221 617 traxerint.

310 649 445 700 Quam
469 648 552 689 sint
579 648 680 689 haec
700 647 873 689 inimica
895 647 958 688 dei
989 648 1161 701 gratiae.
1185 661 1288 701 quae
1310 662 1384 701 per
1404 649 1543 690 Iesum
1569 649 1779 693 Christum

250 721 466 762 dominum
512 722 702 761 nostrum
749 719 932 759 humano
979 719 1117 772 generi
1163 719 1327 760 indulta
1362 723 1440 770 est,
1486 725 1527 761 et
1566 735 1690 774 quem
1731 723 1779 763 ad

249 792 419 833 modum
448 791 581 832 totius
610 790 705 831 fidei
735 790 995 832 Christianae
1028 790 1297 832 fundamenta
1325 794 1510 833 euertere
1542 793 1780 835 moliantur.

249 862 442 917 peruidet
469 862 689 902 nobiscum
718 861 1016 902 uenerabilitas
1044 863 1200 902 uestra.
1233 874 1366 915 neque
1396 862 1506 916 apud
1533 876 1610 904 uos
1644 866 1780 906 tacere

249 934 487 975 debuimus.
539 935 587 974 ut
632 933 722 974 eius
768 932 882 973 modi
926 932 1132 983 homines,
1185 945 1291 985 quos
1337 934 1516 986 quidem
1563 935 1698 975 sanari
1742 936 1782 976 111

249 1006 427 1047 ecclesia
473 1018 596 1057 quam
644 1018 689 1045 ex
734 1004 807 1045 illa
851 1004 1030 1044 resecari
1069 1004 1205 1057 magis
1245 1004 1445 1046 uolumus
1486 1009 1527 1046 et
1569 1008 1778 1058 optamus.

249 1090 348 1118 cura
398 1076 602 1129 pastorali
655 1075 855 1116 caueatis.
908 1075 990 1115 iam
1043 1075 1151 1115 enim
1205 1087 1298 1115 cum
1350 1075 1432 1116 ista
1484 1076 1777 1127 scriberemus,

249 1160 582 1202 cognoueramus
621 1147 660 1187 in
702 1146 880 1187 ecclesia
914 1145 1233 1200 Carthaginensi
1272 1146 1476 1187 aduersus
1516 1160 1586 1189 eos
1621 1149 1778 1202 episco-

247 1219 354 1273 palis
396 1218 563 1259 concilii
603 1217 819 1259 conditum
853 1217 985 1258 fuisse
1019 1217 1233 1258 decretum
1268 1230 1341 1269 per
1373 1218 1599 1271 epistulam
1635 1224 1776 1261 sancto

250 1294 289 1330 et
323 1289 554 1331 uenerabili
593 1301 723 1342 papae
756 1287 999 1329 Innocentio
1034 1287 1299 1341 dirigendum
1334 1291 1375 1329 et
1407 1301 1481 1330 nos
1517 1290 1565 1330 de
1600 1291 1775 1333 concilio

247 1361 472 1402 Numidiae
519 1360 568 1400 ad
609 1360 781 1401 eandem
823 1359 1097 1412 apostolicam
1141 1359 1283 1400 sedem
1323 1360 1403 1400 iam
1446 1361 1643 1402 similiter
1683 1363 1781 1403 scri-

247 1445 479 1487 pseramus.

309 1503 462 1545 Omnes
492 1503 617 1553 enim,
653 1502 724 1556 qui
752 1515 867 1556 spem
897 1502 1100 1543 habemus
1134 1502 1175 1542 in
1210 1501 1391 1553 Christo,
1425 1503 1523 1545 huic
1557 1504 1779 1557 pestiferae

247 1575 456 1628 impietati
495 1574 690 1615 resistere
731 1586 906 1626 eamque
940 1573 1203 1615 concorditer
1236 1574 1432 1615 damnare
1467 1578 1507 1616 et
1541 1576 1779 1617 anathema-

245 1648 372 1689 tizare
424 1646 639 1687 debemus.
692 1658 796 1698 quae
850 1645 1096 1686 contradicit
1148 1645 1272 1686 etiam
1321 1646 1579 1688 orationibus
1624 1648 1778 1689 nostris

248 1718 478 1760 concedens
525 1717 708 1770 quidem,
755 1719 802 1758 ut
848 1717 1057 1757 dicamus:
1112 1716 1343 1758 Dimitte
1390 1718 1545 1760 nobis
1594 1719 1780 1760 debita

246 1794 443 1840 nostra,
473 1789 618 1830 sicut
641 1792 690 1829 et
711 1801 804 1830 nos
828 1788 1162 1829 dimittimus
1187 1787 1535 1830 debitoribus
1557 1790 1778 1840 nostris.

245 1865 284 1902 et
317 1861 396 1902 hoc
428 1861 488 1902 ita
522 1860 766 1908 concedens.
802 1866 850 1899 ut
883 1859 1048 1900 adserat
1081 1859 1292 1900 hominem
1327 1859 1367 1900 in
1402 1860 1481 1901 hoc
1515 1861 1778 1913 corruptibili

245 1945 430 1986 corpore.
466 1932 576 1985 quod
605 1932 808 1985 adgrauat
837 1931 1031 1980 animam,
1066 1943 1192 1983 posse
1220 1931 1308 1972 suis
1337 1931 1501 1973 uiribus
1537 1932 1587 1972 ad
1620 1935 1778 1973 tantam

243 2004 454 2045 iustitiam
487 2003 719 2057 peruenire.
754 2006 800 2043 ut
836 2015 970 2055 neque
1003 2002 1066 2043 illi
1100 2002 1179 2043 hoc
1214 2003 1270 2043 sit
1303 2002 1440 2044 dicere
1473 2004 1775 2044 necessarium:

245 2074 475 2115 Dimitte
504 2074 658 2115 nobis
687 2074 872 2114 debita
904 2076 1103 2114 nostra.
1138 2073 1244 2114 illud
1278 2086 1391 2122 uero,
1429 2074 1538 2126 quod
1567 2074 1776 2127 sequitur:

244 2146 314 2187 Ne
361 2159 451 2187 nos
498 2146 703 2186 inferas
751 2146 798 2186 in
846 2145 1279 2198 temptationem.
1326 2157 1404 2186 non
1453 2145 1512 2186 sic
1553 2145 1776 2198 accipiunt.

363 2239 403 2272 '21
433 2239 564 2274 Matth.
593 2240 624 2282 6,
655 2240 712 2278 123
743 2239 827 2273 Luc.
859 2239 911 2272 11.
939 2239 960 2272 4
1035 2238 1079 2271 23
1109 2238 1190 2282 Sap.
1218 2239 1250 2277 9,
1282 2238 1322 2272 1-5
1417 2239 1460 2271 ’ΞΤ
1489 2238 1619 2272 Matth.
1652 2239 1683 2281 6,
1719 2239 1779 2272 1:32

245 2300 328 2332 Luc.
358 2298 412 2333 11.
442 2301 462 2331 4

292 2360 311 2393 3
339 2359 531 2392 6616610116
560 2359 677 2401 gratia
703 2358 738 2391 P
845 2360 865 2391 ἴ)
891 2358 1066 2391 traxerint
1093 2369 1167 2392 ras.
1195 2361 1226 2390 et
1253 2368 1343 2392 corr.
1373 2368 1415 2391 ea:
1442 2360 1625 2391 traxerunt
1656 2358 1688 2391 T
1714 2357 1774 2391 ad-

244 2417 523 2452 1161611111ΡΡ1
552 2429 652 2451 aem
775 2419 794 2451 6
822 2418 868 2451 sit
895 2416 978 2451 ΡΡ1
1007 2422 1064 2459 (m.
1093 2420 1111 2450 1
1138 2428 1227 2451 corr.
1257 2417 1343 2458 sint)
1445 2417 1582 2460 gratiae
1611 2417 1667 2450 dei
1694 2416 1778 2450 ΡΡ1

245 2478 288 2511 lr
303 2489 334 2510 m
362 2477 500 2521 gratiae
529 2477 663 2512 Christi
690 2481 766 2511 cett.
796 2477 874 2510 edd.
952 2478 969 2510 7
999 2479 1034 2510 et
1061 2488 1128 2512 om.
1156 2477 1191 2510 P
1262 2477 1281 2510 8
1310 2476 1518 2510 subuertere
1545 2475 1594 2509 Ρ1
1702 2487 1776 2509 610-

243 2538 377 2571 liuntur
404 2538 439 2580 (n
469 2539 561 2580 πρ.)
588 2537 622 2570 Ρ
684 2537 726 2570 10
754 2536 897 2570 modurn
926 2536 961 2569 P
1022 2537 1061 2570 11
1091 2536 1270 2570 uoluimus
1297 2536 1333 2569 P
1359 2536 1383 2577 (i
1412 2540 1503 2579 emp.)
1536 2536 1568 2568 T
1625 2536 1665 2569 1⁶2
1693 2536 1777 2569 scri-

244 2596 377 2630 berem’
410 2595 477 2630 TR
505 2595 694 2629 scriberem
721 2596 803 2628 ΡΡ1
834 2596 910 2630 edd.
977 2596 1018 2630 13
1047 2595 1304 2640 cartaginiensi
1332 2594 1415 2628 ΡΡ1
1485 2596 1526 2628 15
1555 2594 1777 2638 dirigendam

246 2656 278 2688 P
295 2656 379 2699 flr
456 2655 498 2689 16
526 2654 645 2688 sedem
674 2654 906 2699 apostolicam
934 2654 976 2688 H
1050 2655 1091 2687 15)
1119 2654 1348 2687 anathemare
1375 2654 1411 2686 P
1433 2665 1466 2687 m
1541 2653 1584 2686 23
1613 2653 1779 2686 adserant

245 2719 279 2748 (11
307 2722 399 2758 exp.)
427 2714 462 2748 P
576 2715 611 2748 in
638 2715 705 2748 hoc
733 2715 778 2758 qd
806 2714 1031 2759 corruptibili
1061 2725 1205 2758 corpore
1234 2713 1279 2757 qd
1307 2713 1407 2758 <sie-J)
1441 2714 1472 2746 T
1561 2714 1604 2747 25
1633 2713 1697 2746 1106
1725 2712 1777 2745 1111

245 2772 327 2806 PP¹
355 2773 423 2807 edd
534 2772 650 2807 dicere
679 2774 727 2806 sit
754 2772 801 2806 P1

1811 948 1841 972 10

1805 1303 1836 1328 15

1806 1659 1838 1683 20

1804 2015 1837 2040 ‘25
