1952 3118
106 1006 137 1030 10

44 1060 101 1101 454

104 1360 136 1385 ¹5

102 1716 137 1741 20

689 220 1039 265 epistularum
1079 220 1179 255 CXL.
1606 224 1683 263 21]

166 350 256 391 loco
289 350 398 390 idern
433 350 671 403 apostolus:
711 349 804 390 Dei
849 350 1206 404 agricultura.
1242 350 1322 391 dei
1365 350 1691 391 aedificatio

166 421 313 462 estis.
351 421 429 462 hoc
467 423 603 462 totum
645 420 797 474 agitur,
838 432 933 461 cum
973 421 1013 461 in
1053 421 1130 462 hac
1172 424 1315 462 nostra
1361 421 1692 475 peregrinatione

164 491 303 532 fides
331 504 421 545 per
448 491 802 532 dilect-ionem
829 493 1098 544 operatur.
1126 491 1167 532 in
1194 492 1336 533 futuro
1361 496 1499 532 autem
1522 492 1690 533 saeculo

164 562 346 616 perfecta
380 565 421 603 et
452 562 573 616 plena
606 562 756 603 caritas
790 562 878 603 sine
913 562 999 603 ullu
1024 564 1231 604 malorum
1259 563 1476 603 tolerantia
1506 575 1583 604 non
1611 562 1690 604 fide

164 633 307 682 credit,
342 633 451 686 quod
483 646 561 674 non
596 633 726 675 uidet.
753 645 827 674 nec
860 646 933 686 spe
967 633 1190 676 desiderat.
1218 634 1329 686 quod
1355 647 1433 675 non
1461 637 1590 676 tenet.
1618 633 1693 675 sed

163 705 202 745 in
232 706 444 745 aeternum
472 704 664 745 ueritatis
690 704 1077 745 incommutabilem
1106 705 1288 757 speciem
1324 705 1691 757 contemplabitur,

164 775 284 816 cuius
330 775 418 816 sine
462 775 542 816 fine
587 775 778 828 quietum
830 787 936 828 opus
981 775 1060 816 erit
1100 775 1284 817 laudare.
1331 775 1443 828 quod
1485 778 1610 822 amat,
1651 778 1692 816 et

163 859 315 888 amare.
343 846 453 899 quod
485 846 643 888 laudat.
677 846 727 887 de
755 847 831 888 hac
859 849 1163 900 consequenter
1189 846 1307 887 dicit:
1345 845 1496 887 Scire
1530 846 1689 887 etiam

164 918 655 970 supereminentem
710 918 995 959 scientiam
1052 917 1307 958 caritatis
1360 916 1583 967 Christi,
1635 921 1691 958 ut

163 989 499 1042 impleamini
533 989 582 1030 in
618 1001 815 1029 omnem
850 988 1249 1042 plenitudinem
1284 988 1380 1029 dei.

220 1061 265 1101 ln
307 1060 384 1101 lioc
422 1061 620 1113 mysterio
660 1060 794 1114 figura
838 1060 974 1101 crucis
1020 1059 1267 1101 ostenditur.
1314 1060 1383 1113 qui
1431 1059 1555 1108 enim,
1595 1060 1690 1111 quia

161 1131 312 1180 noluit,
358 1134 550 1172 mortuus
602 1135 680 1172 est.
726 1144 807 1184 quo
858 1130 982 1172 modo
1033 1131 1183 1180 uoluit,
1235 1134 1428 1172 mortuus
1480 1132 1558 1171 est.
1610 1142 1688 1170 non

160 1203 314 1243 frustm
358 1202 490 1257 igitur
532 1202 615 1243 tale
661 1215 793 1256 genus
840 1203 986 1243 mortis
1032 1202 1174 1256 elegit,
1221 1201 1301 1242 nisi
1345 1201 1385 1242 in
1431 1213 1478 1242 eo
1524 1213 1690 1253 quoque

159 1272 396 1313 latitudinis
429 1273 555 1314 liuius
589 1276 631 1313 et
660 1272 939 1327 longitudinis
973 1275 1015 1314 et
1046 1272 1284 1314 altitudinis
1318 1275 1360 1313 et
1391 1270 1689 1325 profunditatis

162 1344 366 1398 magister
397 1344 606 1385 existeret.
640 1357 734 1384 nam
773 1343 954 1384 latitudo
988 1346 1053 1385 est
1083 1344 1124 1384 in
1158 1356 1205 1384 eo
1247 1342 1375 1397 ligno,
1410 1342 1520 1395 quod
1558 1345 1690 1384 trans-

161 1427 330 1456 uersum
366 1415 544 1468 desuper
574 1415 735 1469 figitui·;
779 1415 858 1455 hoc
890 1415 941 1456 ad
973 1415 1081 1456 bona
1113 1427 1238 1467 opera
1269 1414 1463 1467 pertinet,
1497 1413 1595 1466 quia
1631 1413 1690 1454 ibi

162 1486 438 1527 extenduntur
470 1499 632 1527 manus.
664 1486 885 1540 longitudo
918 1486 957 1526 in
992 1499 1052 1537 eo,
1080 1486 1191 1538 quod
1219 1486 1268 1526 ab
1295 1486 1387 1538 ipso
1415 1485 1528 1539 ligno
1556 1497 1689 1537 usque

161 1557 211 1598 ad
243 1561 393 1598 terram
427 1558 701 1612 conspicuum
738 1563 823 1603 est:
858 1557 915 1597 ibi
948 1558 1057 1598 enim
1092 1557 1273 1610 quodam
1306 1556 1430 1597 modo
1465 1558 1614 1597 statur.
1648 1555 1689 1595 id

162 1633 226 1669 est
263 1629 503 1682 persistitur
541 1632 582 1669 et
626 1632 930 1682 perseueratur.
970 1628 1080 1682 quod
1125 1627 1438 1681 longanimitati
1476 1626 1688 1668 tribuitur.

161 1701 338 1742 altitudo
373 1704 438 1740 est
470 1700 509 1740 in
544 1713 590 1740 ea
622 1699 726 1754 ligni
761 1704 890 1753 parte,
925 1713 1029 1753 quae
1064 1700 1113 1740 ab
1146 1699 1235 1747 illo,
1264 1698 1375 1752 quod
1401 1702 1689 1739 transuersum

162 1771 317 1825 rigitur.
352 1785 517 1813 sursum
553 1785 703 1813 uersus
736 1771 999 1825 relinquitur.
1033 1772 1111 1812 hoc
1145 1773 1210 1812 est
1242 1771 1292 1811 ad
1326 1773 1453 1823 caput
1491 1768 1689 1810 crucifixi.

162 1842 256 1895 quia
288 1843 390 1883 bene
425 1843 682 1896 sperantium
716 1855 895 1896 superna
935 1843 1166 1896 expectatio
1207 1845 1284 1883 est.
1323 1842 1406 1882 iam
1446 1853 1545 1881 uero
1583 1839 1689 1880 illud

161 1926 208 1954 ex
231 1913 359 1968 ligno.
388 1914 498 1967 quod
523 1927 602 1956 non
631 1918 814 1968 apparet.
844 1914 954 1967 quod
980 1914 1106 1955 fixum
1135 1914 1384 1955 occultatur.
1412 1911 1519 1952 unde
1556 1913 1688 1951 totum

160 1985 264 2026 illud
304 1985 503 2039 exsurgit,
540 1985 868 2038 profunditatem
915 1985 1126 2040 significat
1169 1984 1377 2039 gratuitae
1423 1982 1600 2036 gratiam
1647 1981 1687 2021 in

282 2148 296 2180 1
328 2147 341 2180 1
370 2147 448 2182 cor.
475 2147 507 2189 3,
535 2147 556 2181 9
631 2147 651 2179 a
680 2146 755 2180 cai.
784 2147 816 2189 5,
845 2148 865 2180 6

210 2231 222 2263 l
262 2230 498 2274 agricultural
531 2230 749 2273 agricultura
783 2229 869 2263 estis
903 2229 980 2263 edd.
1008 2240 1072 2264 sec.
1108 2228 1209 2273 Vuly.
1357 2228 1377 2261 2
1404 2230 1527 2260 nostra
1558 2226 1624 2260 hac
1655 2227 1686 2261 G

161 2289 180 2321 3
203 2289 323 2323 lideles
341 2289 414 2323 GT
486 2292 680 2334 operantur
697 2289 729 2322 G
751 2292 963 2333 *operantur
989 2288 1020 2321 Τ
1067 2290 1087 2321 ὅ
1109 2287 1373 2331 contemplatur
1398 2286 1429 2320 T
1477 2288 1497 2320 9
1516 2286 1687 2320 scientiae

160 2348 350 2383 karitatem
378 2348 419 2382 N
440 2360 504 2383 sec.
531 2359 624 2382 sacr.
653 2349 721 2382 litt.
775 2349 814 2381 ll
844 2347 939 2391 quia]
963 2346 1057 2391 quod
1078 2347 1116 2380 N
1168 2348 1209 2380 12
1228 2351 1372 2380 motuus
1400 2348 1455 2380 est
1481 2345 1541 2389 qui
1568 2344 1685 2378 modo.

161 2419 204 2441 m.
228 2411 244 2441 1
262 2419 351 2443 corr.
374 2412 533 2441 mortuus
555 2410 608 2441 est
636 2418 705 2452 quo
727 2406 832 2441 modo
850 2406 882 2439 L
957 2417 1026 2450 quo
1045 2405 1150 2440 modo
1172 2405 1289 2439 uoluit
1309 2407 1471 2439 mortuus
1493 2407 1547 2438 est
1568 2415 1634 2437 om.
1654 2405 1683 2434 (i

165 2466 205 2499 13
233 2467 299 2500 nisi
327 2470 366 2499 ut
391 2467 424 2499 in
454 2478 486 2500 m
512 2466 606 2511 Euq.
684 2467 726 2500 14
753 2466 856 2500 liuius
886 2468 922 2499 et
947 2464 1187 2508 longitudinis
1214 2475 1281 2499 om.
1316 2463 1346 2497 T
1418 2466 1454 2497 et
1481 2461 1685 2496 altitudinis

161 2531 196 2558 et
223 2525 461 2567 longitudinis
490 2524 565 2558 IAN
665 2524 902 2569 profunditas,
928 2535 972 2557 m.
1000 2526 1018 2556 1
1046 2534 1135 2559 corr.
1163 2522 1421 2568 profunditatis
1450 2522 1479 2555 L
1583 2522 1623 2553 15»
1651 2521 1684 2553 in

163 2595 202 2616 eo
230 2584 328 2627 ligno
356 2590 410 2617 est
438 2583 480 2617 N
616 2595 699 2628 quo.
725 2595 769 2618 m.
798 2586 816 2616 1
842 2593 932 2617 corr.
961 2582 1056 2626 quod
1082 2582 1118 2617 R
1146 2577 1217 2627 quo*
1242 2582 1310 2615 LO
1337 2585 1402 2615 auc
1429 2592 1497 2625 quo
1526 2584 1589 2613 nu!
1618 2590 1687 2623 qua

161 2641 325 2686 EulliPPi
350 2642 452 2676 codd.
565 2644 606 2676 19
633 2642 925 2685 longanimitate,
951 2652 995 2676 m.
1023 2645 1063 2685 ut
1088 2641 1166 2674 uid.
1194 2645 1212 2674 1
1238 2651 1328 2674 corr.
1357 2638 1625 2683 longanimitati
1654 2637 1686 2671 L

163 2702 207 2733 20
232 2701 340 2745 ligna.
369 2713 411 2735 m.
439 2706 478 2735 u!
505 2701 580 2735 uid.
609 2704 626 2735 1
652 2712 741 2737 corr.
768 2701 859 2745 ligni
887 2700 920 2733 L
998 2707 1099 2745 parte
1126 2700 1216 2743 ligni
1251 2699 1279 2732 'I'
1360 2700 1435 2743 ipso
1471 2697 1499 2730 'I'
1571 2702 1686 2730 trans-

164 2766 285 2793 uersn-
311 2761 341 2793 T
395 2761 440 2794 22
468 2761 790 2794 iam—occultatur
818 2771 883 2795 om.
916 2759 948 2792 T
1001 2760 1046 2793 23
1073 2760 1234 2803 apparet]
1265 2757 1407 2792 uidetur
1434 2757 1472 2790 A*
1532 2757 1575 2790 *24
1604 2766 1685 2799 gra-

163 2819 295 2853 tuitate
327 2822 356 2850 l)

1573 2884 1637 2917 142²*
