1952 3118
628 179 983 224 epistularum
1024 177 1157 213 CXLV.
1572 180 1654 220 271

131 311 292 352 nibus.
345 312 410 358 ut,
456 309 610 362 quibus
661 309 825 361 placere
880 310 1073 361 possunt,
1125 308 1423 362 glorificent
1473 309 1660 361 patrem

130 385 333 431 nostrum,
368 381 450 434 qui
484 381 529 421 in
564 380 719 421 caelis
753 382 843 420 est.

189 453 298 494 Hinc
338 455 415 502 est,
450 450 561 505 quod
600 451 671 491 ille
703 450 963 492 fortissimus
996 450 1186 492 iustitiae
1227 450 1402 491 dilector
1435 450 1659 491 exclamat:

132 523 253 575 Quis
286 536 374 565 nos
409 522 667 577 separabit
699 535 721 562 a
754 521 968 562 caritate
1003 521 1224 562 Christi?
1264 521 1564 562 tribulatio?
1605 534 1659 562 an

90 594 394 649 5angustia‘?
441 607 495 634 an
536 593 860 647 persecutio?
907 605 962 632 an
1002 592 1186 633 fames?
1233 604 1288 632 an
1328 591 1560 632 nuditas?
1606 605 1661 632 an

74 966 106 989 10

77 1320 110 1345 15

76 1676 110 1700 20

129 666 437 720 periculum?
471 678 526 706 an
561 664 794 719 gladius?
829 664 964 705 sicut
998 663 1243 716 scriptum
1278 666 1372 704 est:
1405 661 1659 713 ‘Quoniam

129 739 410 790 propterte
443 735 814 776 mortificamur
852 736 964 775 tota
1003 734 1093 781 die,
1128 734 1359 787 deputati
1399 747 1570 775 sumus
1610 740 1662 774 ut

131 820 248 850 oues
288 805 716 849 occisionis.'-sed
754 805 800 846 in
846 805 923 846 his
971 805 1197 846 omnibus
1245 806 1662 859 superuincimus

131 892 214 934 per
247 891 367 928 eum,
400 877 483 930 qui
517 876 698 918 dilexit
729 889 828 918 nos.
863 879 1032 917 certus
1060 889 1165 917 sum
1194 876 1334 927 enim,
1364 876 1478 929 quia
1506 890 1661 930 neque

132 962 259 991 mors
281 961 436 1001 neque
456 948 563 989 uita
583 961 740 1001 neque
762 948 971 1002 angelus
994 959 1151 1000 neque
1172 947 1490 1001 principatus
1506 961 1662 1002 neque

132 1020 418 1074 praesentia
451 1032 608 1072 neque
642 1020 813 1059 futura
846 1032 1004 1071 neque
1037 1018 1203 1059 uirtus
1244 1031 1400 1071 neque
1441 1019 1662 1061 altitudo

133 1104 288 1145 neque
339 1090 638 1144 profundum
690 1103 847 1142 neque
905 1093 1133 1131 creatura
1184 1089 1284 1130 alia
1334 1090 1524 1143 poterit
1577 1103 1663 1131 nos

133 1175 363 1215 separare
408 1175 431 1202 a
475 1163 688 1203 caritate
747 1161 836 1210 dei,
891 1174 1014 1214 quae
1071 1163 1148 1202 est
1198 1161 1243 1201 in
1298 1161 1498 1203 Christo
1550 1162 1663 1202 Iesu

134 1234 327 1275 domino
368 1236 553 1276 nostro.
595 1233 706 1282 uide,
748 1245 868 1286 quem
910 1232 960 1272 ad
993 1232 1166 1274 modum
1199 1245 1278 1273 non
1317 1236 1548 1285 utcumque
1588 1233 1664 1274 ait:

135 1305 238 1355 Quis
266 1317 340 1346 nos
368 1304 580 1358 separabit
601 1317 623 1345 a
645 1303 839 1346 Christo?
868 1303 941 1344 sed
969 1303 1206 1352 ostendens,
1235 1303 1342 1345 unde
1370 1304 1665 1345 cohaereamus

135 1376 323 1418 Christo:
364 1373 486 1426 Quis
519 1389 621 1418 nos.
656 1376 806 1428 inquit,
848 1375 1105 1427 separabit
1137 1388 1159 1415 a
1192 1375 1404 1416 caritate
1445 1374 1664 1417 Christi?

134 1447 306 1488 caritate
337 1447 468 1502 igitur
501 1447 682 1496 Christo,
717 1460 795 1488 non
829 1459 986 1499 poenae
1019 1446 1167 1487 timore
1201 1446 1485 1487 cohaeremus.
1519 1445 1666 1487 deinde

134 1519 473 1560 commemoratis
500 1518 573 1568 eis,
602 1531 707 1571 quae
735 1517 931 1559 uidentur
963 1517 1113 1558 habere
1147 1516 1391 1558 uiolentiam
1426 1530 1499 1558 nec
1527 1520 1666 1558 tamen

135 1590 290 1631 liabent
327 1589 554 1631 ualentiam
595 1589 825 1642 separandi,
860 1589 918 1629 ita
958 1588 1178 1637 conclusit,
1213 1591 1260 1629 ut
1299 1588 1471 1629 eandem
1511 1587 1666 1629 diceret

136 1661 349 1702 caritatem
383 1661 462 1711 dei,
499 1673 621 1713 quam
663 1660 822 1701 dixerat
857 1659 1024 1701 Christi.
1064 1662 1105 1700 et
1144 1659 1244 1712 quid
1283 1662 1348 1700 est
1379 1660 1415 1700 ‘a
1455 1659 1665 1700 caritate

137 1731 342 1773 Christi'
374 1732 453 1773 nisi
487 1745 509 1772 a
542 1732 714 1773 caritate
748 1731 964 1772 iustitiae?
999 1730 1047 1772 de
1081 1730 1153 1771 illo
1188 1730 1341 1784 quippe
1381 1731 1542 1772 dictum
1581 1734 1663 1772 est:

135 1802 227 1854 Qui
271 1803 436 1844 factus
483 1808 559 1844 est
604 1803 749 1843 nobis
795 1802 1048 1855 sapientia
1081 1815 1102 1842 a
1137 1801 1223 1843 deo
1273 1804 1320 1842 et
1364 1802 1572 1843 iustitia
1618 1808 1664 1842 et

135 1874 480 1915 sanctificatio
501 1873 859 1927 etredemptio,
882 1872 1400 1926 ut‚queniad1nodun1
1423 1873 1663 1926 scriptum

136 1948 224 1995 est,
258 1946 354 1998 ‘qui
388 1945 650 1999 gloriatur,
685 1945 730 1985 in
766 1944 962 1986 domino
997 1943 1272 1997 glorietur'.
1313 1943 1425 1985 sicut
1463 1956 1560 1997 ergo
1594 1943 1664 1984 ille

229 2107 250 2140 4
279 2107 377 2140 Rom.
405 2109 437 2146 δ’,
465 2106 606 2140 35-39
688 2107 708 2140 6
738 2106 794 2140 Ps.
816 2106 875 2143 43,
894 2107 938 2139 ‘2⁶2
1019 2107 1064 2140 ‘22
1092 2105 1106 2139 Ι
1133 2105 1211 2139 Cor.
1244 2107 1272 2145 1,
1293 2107 1430 2141 30-31
1502 2109 1547 2140 24
1567 2106 1663 2140 Hier.

136 2167 166 2207 9,
193 2166 239 2199 24

184 2250 198 2283 1
230 2254 365 2294 patrem
395 2259 462 2283 1cm
492 2250 529 2282 in
558 2260 629 2283 ras.
659 2261 701 2283 m.
730 2252 761 2285 1„
792 2249 829 2282 F
917 2252 938 2282 4
968 2249 1161 2294 separauit,
1188 2261 1232 2283 m.
1262 2253 1280 2282 1
1305 2260 1394 2284 corr.
1423 2249 1602 2294 separabit
1632 2250 1666 2282 1¹

183 2320 226 2343 an
256 2311 313 2350 (m.
343 2310 367 2341 :2
395 2308 432 2342 in
459 2315 545 2351 ras.)
573 2309 742 2352 angustia
767 2308 806 2342 F
830 2309 1010 2352 angustia,
1036 2319 1081 2342 m-
1110 2310 1135 2343 2
1161 2320 1203 2342 an
1232 2310 1401 2351 angustia
1427 2308 1462 2342 1³
1560 2312 1579 2342 ὅ
1608 2309 1662 2342 liis

136 2377 203 2401 om.
229 2367 275 2400 M
371 2378 579 2412 superamus
606 2367 654 2401 ΔῚΙ
724 2369 744 2401 9
773 2368 832 2412 qui
861 2380 940 2411 mm,
966 2380 1010 2401 m.
1039 2371 1063 2401 2
1088 2367 1135 2410 (?)
1163 2368 1249 2404 add.
1276 2367 1315 2402 F
1405 2368 1446 2401 10
1474 2367 1593 2411 angeli
1621 2368 1662 2400 M

139 2426 181 2459 12
206 2437 269 2460 nos
296 2438 458 2471 separare
485 2438 551 2461 om.
580 2426 627 2460 M
774 2428 813 2460 13
841 2438 860 2460 a
887 2426 1038 2460 caritate
1072 2427 1128 2461 dei
1160 2430 1194 2471 (e
1227 2426 1284 2461 dei
1317 2439 1361 2460 m.
1396 2430 1421 2461 „⁴3
1445 2428 1485 2460 in
1512 2438 1599 2461 rus.»
1629 2426 1667 2459 1⁸

184 2484 255 2529 dei}
284 2485 341 2529 xpi
368 2484 414 2518 Ρι
492 2486 534 2520 14
562 2494 682 2519 nostro
710 2497 775 2519 om.
803 2485 838 2520 R
928 2486 970 2519 15
998 2486 1179 2530 separauit
1206 2486 1240 2519 P
1265 2489 1323 2527 (m.
1352 2489 1370 2519 1
1397 2486 1416 2519 12
1442 2496 1532 2521 corr.
1561 2496 1660 2528 sepa-

137 2543 244 2586 rabit)
270 2543 308 2577 F
425 2543 609 2583 atendens,
635 2556 680 2580 m.
709 2548 725 2577 1
751 2555 841 2580 corr.
870 2543 1061 2578 attendens
1087 2545 1122 2578 P
1231 2544 1661 2579 .communius—1imon·

137 2601 191 2635 bix
214 2601 250 2636 R
339 2602 379 2635 16
407 2603 600 2647 separauit,
627 2615 671 2636 m.
702 2606 718 2636 l
747 2614 836 2638 corr.
867 2603 1048 2647 separabit
1073 2604 1108 2637 1²
1202 2604 1240 2637 17
1271 2604 1540 2648 quohaeremus.
1568 2614 1612 2635 m.
1643 2606 1659 2635 1

137 2671 226 2695 corr.
255 2661 484 2695 cohaeremus
511 2661 545 2694 P
569 2661 823 2696 cohaereamus
851 2661 889 2695 F
962 2663 1004 2696 1&
1032 2663 1240 2703 uolt-utiam,
1266 2674 1311 2696 m.
1339 2666 1364 2695 ,2
1392 2662 1600 2695 uiolentiam
1627 2661 1665 2695 1⁸

138 2719 331 2754 uiolentum
360 2721 393 2753 A
525 2722 567 2754 19
594 2721 804 2755 uiolentiam
832 2720 913 2754 ΡΙ)ι
1060 2721 1211 2765 diceret}
1238 2721 1338 2756 dicit.
1367 2734 1409 2755 m.
1437 2724 1462 2754 2
1489 2720 1585 2755 dicat
1613 2721 1658 2754 Ρ1

138 2777 182 2811 20
209 2778 292 2823 quid
320 2779 386 2823 est]
416 2779 523 2824 quids-
552 2781 582 2813 A
658 2780 704 2813 ‘23
731 2782 770 2814 ut
797 2791 863 2814 om.
892 2780 926 2813 P
