1952 3118
85 322 107 363 7

682 200 1035 244 epistularum
1076 199 1197 235 CXLI.
1614 204 1692 243 241

231 328 342 381 Quid
375 342 470 384 ergo
505 329 703 382 quaeritis
736 329 947 382 amplius?
987 329 1134 370 multis
1169 330 1337 383 quidem
1379 330 1518 372 uerbis
1559 343 1699 384 super-

170 400 265 441 fluis
311 402 431 455 gesta
476 402 753 441 onerauerunt
795 402 848 448 et,
895 399 994 452 quia
1038 412 1116 440 non
1162 402 1390 453 potuerunt
1434 400 1611 450 efficere,
1654 404 1702 442 ut

171 483 297 512 causa
329 483 408 511 non
443 472 650 524 ageretur,
684 470 762 511 hoc
794 470 983 511 fecerunt
1014 471 1196 511 multum
1238 471 1459 523 loquendo,
1495 474 1555 522 ut,
1589 472 1700 525 quod

171 544 311 583 actum
357 544 435 591 est,
481 541 652 583 difficile
697 542 920 595 legeretur.
968 541 1042 582 sed
1086 541 1238 582 debent
1282 542 1403 583 uobis
1449 542 1573 584 etiam
1618 543 1702 584 ista

128 625 144 649 ⁵
171 626 312 654 eorum
352 625 485 666 pauca
523 613 651 654 uerba
693 611 898 662 sufficere,
940 625 988 653 ne
1027 614 1195 665 propter
1238 613 1378 654 nescio
1425 627 1518 666 qua,
1559 614 1700 655 nescio

171 697 347 737 quorum
377 684 594 724 hominum
621 683 794 725 crimina
815 682 984 724 oderitis
1007 682 1211 723 unitatem
1233 682 1463 724 catholicae
1486 684 1700 733 ecclesiae,

171 755 281 808 quia,
316 755 428 796 sicut
459 755 540 808 ipsi
574 754 777 803 dixerunt,
811 754 1064 807 relegerunt,
1092 753 1443 807 subscripserunt,
1470 767 1543 795 nec
1577 767 1701 795 causa

171 838 320 866 causae
353 825 615 878 praeiudicat
646 836 720 865 nec
752 836 928 878 persona.
961 836 1175 877 personae.
1203 836 1298 864 nam
1327 826 1367 865 et
1393 824 1432 865 in
1460 824 1551 878 ipsa
1577 837 1703 866 causa

171 896 409 945 Caeciliani,
451 909 574 949 quam
612 895 713 936 licet
751 895 802 936 ad
842 895 1045 936 ecclesiae
1085 907 1254 936 causam
1299 907 1379 936 non
1424 895 1700 948 pertinentem

112 981 144 1005 ιο
168 970 305 1009 tamen
340 967 640 1008 defendendam
675 966 955 1019 suscepimus,
983 967 1031 1007 ut
1063 966 1188 1006 etiam
1222 965 1280 1006 ibi
1315 966 1546 1007 calumniae
1574 966 1704 1007 mani-

168 1040 421 1081 festarentur
453 1039 655 1092 ipsorum,
690 1037 956 1091 apertissime
990 1036 1092 1078 uicti
1125 1038 1234 1084 sunt,
1270 1037 1373 1078 nihil
1407 1050 1564 1086 eorum,
1599 1049 1704 1090 quae

169 1111 207 1151 in
244 1110 524 1152 Caecilianum
558 1109 844 1158 intendebant,
878 1109 1051 1161 probare
1084 1110 1325 1161 potuerunt.
1366 1108 1539 1162 insuper
1576 1109 1702 1150 etiam

170 1182 218 1223 de
265 1181 507 1222 criminibus
553 1180 792 1222 traditionis
838 1192 912 1221 nos
959 1178 1215 1232 episcopalia
1264 1182 1383 1234 gesta
1434 1179 1703 1233 protulimus.

170 1253 277 1294 unde
318 1253 590 1293 recitauimus
631 1251 793 1304 aliquos
835 1263 977 1292 eorum
1019 1251 1327 1304 episcoporum.
1363 1251 1434 1304 qui
1474 1250 1704 1292 sententias

113 1325 209 1366 15iu
269 1324 483 1365 absentem
543 1323 728 1364 dixerant
786 1322 1084 1373 Caecilianum,
1143 1322 1515 1364 manifestissimos
1572 1322 1703 1363 fuisse

173 1395 406 1437 traditores.
452 1396 595 1436 contra
637 1394 728 1448 ipsa
772 1396 891 1447 gesta
936 1393 1012 1443 illi,
1059 1393 1155 1446 quia
1200 1407 1279 1435 non
1324 1393 1547 1443 habebant,
1594 1393 1704 1446 quod

175 1467 372 1515 dicerent,
412 1466 518 1507 falsa
557 1478 648 1507 esse
682 1465 887 1515 dixerunt,
923 1465 994 1506 sed
1028 1465 1143 1507 nullo
1184 1465 1307 1506 modo
1346 1466 1521 1518 probare
1559 1467 1705 1518 potue-

175 1539 281 1579 runt.

89 1607 113 1647 8
233 1610 410 1662 Insuper
448 1609 573 1649 etiam
613 1607 795 1649 confessi
835 1610 932 1649 sunt
970 1608 1039 1648 uel
1079 1608 1221 1662 potius
1260 1620 1333 1660 pro
1379 1620 1530 1661 magna
1574 1607 1706 1661 gloria

116 1693 149 1716 20
173 1680 353 1733 professi
393 1682 491 1720 sunt
524 1678 808 1721 Caecilianum
852 1679 961 1732 apud
996 1678 1316 1721 Constantinum
1355 1679 1650 1732 imperatorem
1686 1691 1706 1718 a

175 1751 262 1792 suis
294 1750 632 1803 praecessoribus
666 1751 910 1791 accusatum
940 1752 981 1791 et
1008 1750 1255 1791 addiderunt
1290 1750 1567 1798 mendacium,
1596 1749 1705 1801 quod

173 1822 257 1863 illis
291 1822 585 1863 accusantibus
619 1821 746 1862 fuerit
779 1822 827 1862 ab
860 1821 1109 1874 imperatore
1144 1821 1378 1862 damnatus.
1414 1834 1509 1862 ecce
1538 1824 1578 1861 et
1611 1821 1705 1861 hinc

174 1893 275 1934 uicti
309 1896 420 1935 sunt.
457 1893 563 1933 unde
596 1893 718 1933 uobis
753 1892 890 1933 solent
922 1892 1096 1933 nebulas
1131 1892 1280 1933 erroris
1315 1891 1525 1933 offundere
1569 1891 1705 1932 conei-

174 1965 311 2005 tantes
351 1964 469 2004 nobis
509 1963 711 2004 inuidiam
751 1966 793 2003 et
830 1963 869 2004 in
911 1963 1054 2004 odium
1094 1966 1286 2004 uestrum
1326 1976 1401 2005 nos
1436 1963 1706 2004 adducentes.

116 2047 150 2073 25
176 2035 271 2088 quia
304 2035 506 2076 eeclesiae
540 2047 710 2075 causam
744 2034 854 2087 apud
886 2034 1158 2088 imperatores
1194 2035 1371 2089 agimus.
1405 2047 1500 2076 ecce
1528 2034 1705 2075 maiores

175 2119 330 2148 eorum.
377 2106 425 2147 de
471 2119 648 2159 quorum
699 2106 937 2147 nominibus
990 2106 1236 2160 gloriantur.
1284 2106 1485 2147 ecclesiae
1537 2117 1703 2146 causam

220 2327 241 2359 ἰ)
268 2329 530 2360 oonerauerunt
556 2327 589 2360 A
617 2329 867 2361 onoraueruut.
894 2337 937 2361 m.
968 2328 992 2358 :2
1017 2325 1285 2359 honorauerunt
1312 2325 1360 2359 M
1478 2326 1498 2358 3
1526 2324 1705 2369 loquendo

176 2388 303 2428 (postr.
332 2385 353 2419 l.
381 2396 423 2418 ea:
450 2395 539 2419 corr.
569 2396 611 2418 m.
640 2387 677 2427 2)
704 2384 739 2418 R
813 2384 834 2417 4
862 2383 1019 2417 debeant
1046 2384 1078 2417 A
1154 2385 1173 2414 Γ)
1202 2395 1320 2417 eorum
1351 2385 1388 2417 in
1409 2384 1487 2428 fine
1515 2395 1550 2418 u.
1578 2395 1643 2418 om.
1673 2383 1706 2417 Il'

223 2456 282 2479 ne·
305 2450 336 2481 <jc
363 2447 471 2486 eras.)
498 2444 545 2478 P¹
645 2455 725 2489 qua.
755 2456 796 2478 m.
827 2448 851 2477 2
877 2455 966 2488 quae
995 2444 1041 2477 1²¹
1070 2455 1159 2488 quae
1186 2443 1221 2478 R
1248 2443 1329 2477 edd.
1358 2444 1430 2487 qui.
1457 2455 1502 2476 m.
1530 2445 1555 2476 2
1581 2454 1648 2486 que
1678 2442 1711 2474 I'

176 2502 194 2535 'a‘
221 2502 387 2547 legerunt
413 2503 459 2536 P¹
547 2504 567 2537 8
596 2504 629 2537 in
658 2515 724 2537 om.
752 2503 821 2537 BA
910 2504 930 2534 9
958 2502 1180 2539 aecclesiam,
1208 2514 1252 2535 m.
1281 2507 1298 2535 1
1324 2513 1414 2537 corr.
1443 2501 1637 2536 aecclesiav
1666 2500 1709 2533 M

180 2562 219 2596 10
246 2561 529 2596 descendendam
557 2563 591 2596 A
738 2563 951 2607 suscipimus
978 2561 1025 2595 M
1165 2563 1202 2596 11
1231 2562 1459 2606 amatissime
1488 2561 1645 2605 ipsorum
1674 2560 1708 2594 R

222 2621 382 2665 nihilque
410 2621 488 2657 edd.
615 2623 656 2655 15
684 2622 888 2656 abscentem
916 2630 947 2659 (e
975 2621 1058 2663 del.)
1086 2621 1119 2654 P
1239 2621 1338 2655 dixer
1369 2628 1427 2661 <=
1457 2619 1633 2653 ‹lixeruntl
1662 2619 1705 2652 Ρι

223 2680 345 2715 suissel
374 2679 439 2713 hos
467 2680 576 2713 fuisse
605 2680 650 2713 Ρι
750 2681 794 2713 2⁶2
822 2680 878 2713 hie
907 2679 975 2714 PR
1060 2670 1117 2714 '23
1146 2680 1257 2714 uincti
1284 2679 1349 2713 FA
1470 2677 1649 2711 offendere
1678 2677 1711 2710 1¹

177 2739 235 2778 (m.
264 2740 288 2771 :2
314 2738 509 2780 offundere)
535 2738 690 2772 MFAR
720 2746 777 2772 (m.
801 2741 818 2771 1
836 2749 949 2782 supra
969 2738 985 2771 l·
1006 2738 1204 2780 offundere)
1226 2750 1246 2771 a
1299 2739 1343 2771 25»
1365 2738 1421 2781 qui
1452 2736 1644 2771 aecclesiae
1666 2736 1709 2769 M

226 2795 475 2840 imperatorem
505 2797 539 2830 Ρ

213 2877 373 2903 xxxxim
394 2879 470 2909 Aug.
491 2882 562 2903 sect.
584 2879 612 2903 11
633 2885 701 2911 pars
722 2877 748 2904 3.
1619 2865 1659 2898 1ss
