<?xml version="1.0" encoding="UTF-8"?>
<!DOCTYPE html PUBLIC "-//W3C//DTD XHTML 1.0 Transitional//EN"
    "http://www.w3.org/TR/xhtml1/DTD/xhtml1-transitional.dtd">
<html xmlns="http://www.w3.org/1999/xhtml" xml:lang="en" lang="en">
 <head>
  <title>
</title>
<meta http-equiv="Content-Type" content="text/html;charset=utf-8" />
  <meta name='ocr-system' content='tesseract 3.04.00' />
  <meta name='ocr-capabilities' content='ocr_page ocr_carea ocr_par ocr_line ocrx_word'/>
</head>
<body>
  <div class='ocr_page' id='page_1' title='image "./corpusscriptorum44auguuoft_0637.png"; bbox 0 0 1952 3118; ppageno 0'>
   <div class='ocr_carea' id='block_1_1' title="bbox 114 987 146 1012">
    <p class='ocr_par' dir='ltr' id='par_1_1' title="bbox 114 987 146 1012">
     <span class='ocr_line' id='line_1_1' title="bbox 114 987 146 1012; baseline 0.031 -1"><span class='ocrx_word' id='word_1_1' title='bbox 114 987 146 1012; x_wconf 87' lang='lat'>10</span> 
     </span>
    </p>
   </div>
   <div class='ocr_carea' id='block_1_2' title="bbox 113 1342 144 1367">
    <p class='ocr_par' dir='ltr' id='par_1_2' title="bbox 113 1342 144 1367">
     <span class='ocr_line' id='line_1_2' title="bbox 113 1342 144 1367; baseline 0.032 -1"><span class='ocrx_word' id='word_1_2' title='bbox 113 1342 144 1367; x_wconf 84' lang='lat'>15</span> 
     </span>
    </p>
   </div>
   <div class='ocr_carea' id='block_1_3' title="bbox 110 1700 143 1722">
    <p class='ocr_par' dir='ltr' id='par_1_3' title="bbox 110 1700 143 1722">
     <span class='ocr_line' id='line_1_3' title="bbox 110 1700 143 1722; baseline 0 -3"><span class='ocrx_word' id='word_1_3' title='bbox 110 1700 143 1722; x_wconf 74' lang='lat'>20</span> 
     </span>
    </p>
   </div>
   <div class='ocr_carea' id='block_1_4' title="bbox 677 201 1707 247">
    <p class='ocr_par' dir='ltr' id='par_1_4' title="bbox 677 201 1707 247">
     <span class='ocr_line' id='line_1_4' title="bbox 677 201 1707 247; baseline 0.006 -11"><span class='ocrx_word' id='word_1_4' title='bbox 677 201 1029 247; x_wconf 79' lang='lat' dir='ltr'><strong>epistularum</strong></span> <span class='ocrx_word' id='word_1_5' title='bbox 1071 202 1205 237; x_wconf 82' lang='lat' dir='ltr'>CLXX.</span> <span class='ocrx_word' id='word_1_6' title='bbox 1621 206 1707 247; x_wconf 84' lang='lat'>625</span> 
     </span>
    </p>
   </div>
   <div class='ocr_carea' id='block_1_5' title="bbox 170 329 1708 1951">
    <p class='ocr_par' dir='ltr' id='par_1_5' title="bbox 171 329 1708 1168">
     <span class='ocr_line' id='line_1_5' title="bbox 181 329 1706 387; baseline 0.003 -14"><span class='ocrx_word' id='word_1_7' title='bbox 181 331 231 373; x_wconf 85' lang='lat' dir='ltr'>ad</span> <span class='ocrx_word' id='word_1_8' title='bbox 276 329 449 375; x_wconf 82' lang='lat' dir='ltr'>modum</span> <span class='ocrx_word' id='word_1_9' title='bbox 495 345 542 374; x_wconf 87' lang='lat' dir='ltr'>ex</span> <span class='ocrx_word' id='word_1_10' title='bbox 586 331 660 374; x_wconf 91' lang='lat' dir='ltr'>illo</span> <span class='ocrx_word' id='word_1_11' title='bbox 706 334 772 374; x_wconf 87' lang='lat' dir='ltr'>est</span> <span class='ocrx_word' id='word_1_12' title='bbox 815 332 1014 374; x_wconf 86' lang='lat' dir='ltr'>uniuersa</span> <span class='ocrx_word' id='word_1_13' title='bbox 1058 335 1260 383; x_wconf 85' lang='lat' dir='ltr'>creatura,</span> <span class='ocrx_word' id='word_1_14' title='bbox 1313 346 1438 387; x_wconf 85' lang='lat' dir='ltr'>quam</span> <span class='ocrx_word' id='word_1_15' title='bbox 1483 346 1531 375; x_wconf 84' lang='lat' dir='ltr'>ex</span> <span class='ocrx_word' id='word_1_16' title='bbox 1574 334 1706 377; x_wconf 90' lang='lat' dir='ltr'>nihilo</span> 
     </span>
     <span class='ocr_line' id='line_1_6' title="bbox 179 402 1706 458; baseline 0.003 -14"><span class='ocrx_word' id='word_1_17' title='bbox 179 403 352 445; x_wconf 86' lang='lat' dir='ltr'>creauit.</span> <span class='ocrx_word' id='word_1_18' title='bbox 386 403 497 445; x_wconf 90' lang='lat' dir='ltr'>hunc</span> <span class='ocrx_word' id='word_1_19' title='bbox 529 402 684 457; x_wconf 84' lang='lat' dir='ltr'>quippe</span> <span class='ocrx_word' id='word_1_20' title='bbox 718 403 768 444; x_wconf 89' lang='lat' dir='ltr'>de</span> <span class='ocrx_word' id='word_1_21' title='bbox 801 415 878 444; x_wconf 87' lang='lat' dir='ltr'>sua</span> <span class='ocrx_word' id='word_1_22' title='bbox 910 403 1152 445; x_wconf 87' lang='lat' dir='ltr'>substantia</span> <span class='ocrx_word' id='word_1_23' title='bbox 1184 404 1343 458; x_wconf 89' lang='lat' dir='ltr'>genuit,</span> <span class='ocrx_word' id='word_1_24' title='bbox 1382 417 1463 446; x_wconf 92' lang='lat' dir='ltr'>non</span> <span class='ocrx_word' id='word_1_25' title='bbox 1496 418 1544 447; x_wconf 85' lang='lat' dir='ltr'>ex</span> <span class='ocrx_word' id='word_1_26' title='bbox 1575 405 1706 448; x_wconf 91' lang='lat' dir='ltr'>nihilo</span> 
     </span>
     <span class='ocr_line' id='line_1_7' title="bbox 179 474 1708 531; baseline 0.003 -16"><span class='ocrx_word' id='word_1_27' title='bbox 179 474 291 522; x_wconf 81' lang='lat' dir='ltr'>fecit,</span> <span class='ocrx_word' id='word_1_28' title='bbox 333 487 408 516; x_wconf 86' lang='lat' dir='ltr'>nec</span> <span class='ocrx_word' id='word_1_29' title='bbox 447 487 542 516; x_wconf 87' lang='lat' dir='ltr'>eum</span> <span class='ocrx_word' id='word_1_30' title='bbox 575 487 622 515; x_wconf 84' lang='lat' dir='ltr'>ex</span> <span class='ocrx_word' id='word_1_31' title='bbox 654 476 843 528; x_wconf 87' lang='lat' dir='ltr'>tempore</span> <span class='ocrx_word' id='word_1_32' title='bbox 876 475 1035 528; x_wconf 85' lang='lat' dir='ltr'>genuit,</span> <span class='ocrx_word' id='word_1_33' title='bbox 1075 487 1147 528; x_wconf 85' lang='lat' dir='ltr'>pei·</span> <span class='ocrx_word' id='word_1_34' title='bbox 1179 487 1303 528; x_wconf 88' lang='lat' dir='ltr'>quem</span> <span class='ocrx_word' id='word_1_35' title='bbox 1336 478 1488 518; x_wconf 88' lang='lat' dir='ltr'>cuncta</span> <span class='ocrx_word' id='word_1_36' title='bbox 1518 479 1708 531; x_wconf 86' lang='lat' dir='ltr'>tempora</span> 
     </span>
     <span class='ocr_line' id='line_1_8' title="bbox 177 545 1705 603; baseline 0.003 -17"><span class='ocrx_word' id='word_1_37' title='bbox 177 545 377 595; x_wconf 73' lang='lat' dir='ltr'>condidit,</span> <span class='ocrx_word' id='word_1_38' title='bbox 429 545 640 599; x_wconf 89' lang='lat' dir='ltr'>quoniam,</span> <span class='ocrx_word' id='word_1_39' title='bbox 686 545 799 587; x_wconf 85' lang='lat' dir='ltr'>sicut</span> <span class='ocrx_word' id='word_1_40' title='bbox 841 545 1011 586; x_wconf 85' lang='lat' dir='ltr'>flamma</span> <span class='ocrx_word' id='word_1_41' title='bbox 1054 545 1335 599; x_wconf 82' lang='lat' dir='ltr'>splendorem,</span> <span class='ocrx_word' id='word_1_42' title='bbox 1385 560 1510 600; x_wconf 88' lang='lat' dir='ltr'>quem</span> <span class='ocrx_word' id='word_1_43' title='bbox 1555 548 1705 603; x_wconf 79' lang='lat' dir='ltr'>gignit,</span> 
     </span>
     <span class='ocr_line' id='line_1_9' title="bbox 175 616 1706 673; baseline 0.003 -16"><span class='ocrx_word' id='word_1_44' title='bbox 175 619 364 669; x_wconf 87' lang='lat' dir='ltr'>tempore</span> <span class='ocrx_word' id='word_1_45' title='bbox 390 629 470 658; x_wconf 91' lang='lat' dir='ltr'>non</span> <span class='ocrx_word' id='word_1_46' title='bbox 498 616 723 670; x_wconf 88' lang='lat' dir='ltr'>praecedit,</span> <span class='ocrx_word' id='word_1_47' title='bbox 756 616 816 657; x_wconf 85' lang='lat' dir='ltr'>ita</span> <span class='ocrx_word' id='word_1_48' title='bbox 842 619 960 670; x_wconf 87' lang='lat' dir='ltr'>pater</span> <span class='ocrx_word' id='word_1_49' title='bbox 985 629 1212 670; x_wconf 85' lang='lat' dir='ltr'>numquam</span> <span class='ocrx_word' id='word_1_50' title='bbox 1247 617 1336 659; x_wconf 86' lang='lat' dir='ltr'>sine</span> <span class='ocrx_word' id='word_1_51' title='bbox 1368 617 1453 659; x_wconf 89' lang='lat' dir='ltr'>filio</span> <span class='ocrx_word' id='word_1_52' title='bbox 1488 618 1582 661; x_wconf 88' lang='lat' dir='ltr'>fuit.</span> <span class='ocrx_word' id='word_1_53' title='bbox 1615 620 1706 673; x_wconf 86' lang='lat' dir='ltr'>ipse</span> 
     </span>
     <span class='ocr_line' id='line_1_10' title="bbox 175 687 1707 741; baseline 0.003 -13"><span class='ocrx_word' id='word_1_54' title='bbox 175 688 241 728; x_wconf 76' lang='lat' dir='ltr'>est</span> <span class='ocrx_word' id='word_1_55' title='bbox 267 687 421 741; x_wconf 87' lang='lat' dir='ltr'>quippe</span> <span class='ocrx_word' id='word_1_56' title='bbox 450 687 657 741; x_wconf 83' lang='lat' dir='ltr'>sapientia</span> <span class='ocrx_word' id='word_1_57' title='bbox 683 687 747 729; x_wconf 89' lang='lat' dir='ltr'>dei</span> <span class='ocrx_word' id='word_1_58' title='bbox 781 687 927 740; x_wconf 88' lang='lat' dir='ltr'>patris,</span> <span class='ocrx_word' id='word_1_59' title='bbox 962 688 1011 728; x_wconf 88' lang='lat' dir='ltr'>de</span> <span class='ocrx_word' id='word_1_60' title='bbox 1045 700 1128 740; x_wconf 88' lang='lat' dir='ltr'>qua</span> <span class='ocrx_word' id='word_1_61' title='bbox 1160 687 1364 741; x_wconf 89' lang='lat' dir='ltr'>scriptum</span> <span class='ocrx_word' id='word_1_62' title='bbox 1398 691 1482 730; x_wconf 87' lang='lat' dir='ltr'>est:</span> <span class='ocrx_word' id='word_1_63' title='bbox 1517 689 1707 732; x_wconf 86' lang='lat' dir='ltr'>Candor</span> 
     </span>
     <span class='ocr_line' id='line_1_11' title="bbox 175 758 1705 813; baseline 0.003 -15"><span class='ocrx_word' id='word_1_64' title='bbox 175 761 250 798; x_wconf 79' lang='lat' dir='ltr'>est</span> <span class='ocrx_word' id='word_1_65' title='bbox 290 758 418 799; x_wconf 90' lang='lat' dir='ltr'>enim</span> <span class='ocrx_word' id='word_1_66' title='bbox 457 758 589 800; x_wconf 86' lang='lat' dir='ltr'>lucis</span> <span class='ocrx_word' id='word_1_67' title='bbox 629 760 871 801; x_wconf 81' lang='lat' dir='ltr'>aeternae.</span> <span class='ocrx_word' id='word_1_68' title='bbox 909 758 995 799; x_wconf 90' lang='lat' dir='ltr'>luci</span> <span class='ocrx_word' id='word_1_69' title='bbox 1035 771 1148 813; x_wconf 81' lang='lat' dir='ltr'>ergo,</span> <span class='ocrx_word' id='word_1_70' title='bbox 1189 759 1312 800; x_wconf 90' lang='lat' dir='ltr'>cuius</span> <span class='ocrx_word' id='word_1_71' title='bbox 1352 759 1506 801; x_wconf 88' lang='lat' dir='ltr'>candor</span> <span class='ocrx_word' id='word_1_72' title='bbox 1544 763 1622 811; x_wconf 85' lang='lat' dir='ltr'>est,</span> <span class='ocrx_word' id='word_1_73' title='bbox 1662 761 1705 802; x_wconf 92' lang='lat' dir='ltr'>id</span> 
     </span>
     <span class='ocr_line' id='line_1_12' title="bbox 173 828 1703 883; baseline 0.003 -14"><span class='ocrx_word' id='word_1_74' title='bbox 173 832 239 870; x_wconf 78' lang='lat' dir='ltr'>est</span> <span class='ocrx_word' id='word_1_75' title='bbox 277 829 353 870; x_wconf 87' lang='lat' dir='ltr'>deo</span> <span class='ocrx_word' id='word_1_76' title='bbox 393 829 501 883; x_wconf 86' lang='lat' dir='ltr'>patri</span> <span class='ocrx_word' id='word_1_77' title='bbox 540 829 630 871; x_wconf 81' lang='lat' dir='ltr'>sine</span> <span class='ocrx_word' id='word_1_78' title='bbox 669 828 796 871; x_wconf 90' lang='lat' dir='ltr'>dubio</span> <span class='ocrx_word' id='word_1_79' title='bbox 837 831 1057 871; x_wconf 88' lang='lat' dir='ltr'>coaeterna</span> <span class='ocrx_word' id='word_1_80' title='bbox 1089 831 1154 871; x_wconf 86' lang='lat' dir='ltr'>est</span> <span class='ocrx_word' id='word_1_81' title='bbox 1186 832 1229 871; x_wconf 87' lang='lat' dir='ltr'>et</span> <span class='ocrx_word' id='word_1_82' title='bbox 1258 829 1352 871; x_wconf 88' lang='lat' dir='ltr'>ideo</span> <span class='ocrx_word' id='word_1_83' title='bbox 1386 843 1480 873; x_wconf 82' lang='lat' dir='ltr'>non.</span> <span class='ocrx_word' id='word_1_84' title='bbox 1520 830 1631 872; x_wconf 84' lang='lat' dir='ltr'>sicut</span> <span class='ocrx_word' id='word_1_85' title='bbox 1663 832 1703 873; x_wconf 92' lang='lat' dir='ltr'>in</span> 
     </span>
     <span class='ocr_line' id='line_1_13' title="bbox 172 900 1707 955; baseline 0.002 -14"><span class='ocrx_word' id='word_1_86' title='bbox 172 900 377 953; x_wconf 91' lang='lat' dir='ltr'>principio</span> <span class='ocrx_word' id='word_1_87' title='bbox 417 900 519 942; x_wconf 88' lang='lat' dir='ltr'>fecit</span> <span class='ocrx_word' id='word_1_88' title='bbox 557 900 661 942; x_wconf 85' lang='lat' dir='ltr'>deus</span> <span class='ocrx_word' id='word_1_89' title='bbox 701 901 864 942; x_wconf 88' lang='lat' dir='ltr'>caelum</span> <span class='ocrx_word' id='word_1_90' title='bbox 903 903 945 942; x_wconf 91' lang='lat' dir='ltr'>et</span> <span class='ocrx_word' id='word_1_91' title='bbox 981 903 1150 949; x_wconf 87' lang='lat' dir='ltr'>terram,</span> <span class='ocrx_word' id='word_1_92' title='bbox 1191 900 1251 942; x_wconf 89' lang='lat' dir='ltr'>ita</span> <span class='ocrx_word' id='word_1_93' title='bbox 1288 901 1327 942; x_wconf 91' lang='lat' dir='ltr'>in</span> <span class='ocrx_word' id='word_1_94' title='bbox 1366 901 1571 955; x_wconf 88' lang='lat' dir='ltr'>principio</span> <span class='ocrx_word' id='word_1_95' title='bbox 1603 903 1707 945; x_wconf 86' lang='lat' dir='ltr'>fecit</span> 
     </span>
     <span class='ocr_line' id='line_1_14' title="bbox 173 971 1704 1027; baseline 0.003 -16"><span class='ocrx_word' id='word_1_96' title='bbox 173 971 364 1021; x_wconf 85' lang='lat' dir='ltr'>uerbum,</span> <span class='ocrx_word' id='word_1_97' title='bbox 411 972 484 1013; x_wconf 88' lang='lat' dir='ltr'>sed</span> <span class='ocrx_word' id='word_1_98' title='bbox 528 971 574 1013; x_wconf 91' lang='lat' dir='ltr'>in</span> <span class='ocrx_word' id='word_1_99' title='bbox 619 972 871 1026; x_wconf 88' lang='lat' dir='ltr'>principio</span> <span class='ocrx_word' id='word_1_100' title='bbox 911 974 1017 1013; x_wconf 89' lang='lat' dir='ltr'>erat</span> <span class='ocrx_word' id='word_1_101' title='bbox 1055 971 1275 1014; x_wconf 87' lang='lat' dir='ltr'>uerbum.</span> <span class='ocrx_word' id='word_1_102' title='bbox 1321 972 1496 1025; x_wconf 81' lang='lat' dir='ltr'>spiritus</span> <span class='ocrx_word' id='word_1_103' title='bbox 1537 986 1704 1027; x_wconf 87' lang='lat' dir='ltr'>quoque</span> 
     </span>
     <span class='ocr_line' id='line_1_15' title="bbox 172 1043 1704 1093; baseline 0.003 -11"><span class='ocrx_word' id='word_1_104' title='bbox 172 1045 344 1083; x_wconf 86' lang='lat' dir='ltr'>sanctus</span> <span class='ocrx_word' id='word_1_105' title='bbox 389 1056 468 1085; x_wconf 91' lang='lat' dir='ltr'>non</span> <span class='ocrx_word' id='word_1_106' title='bbox 515 1043 627 1084; x_wconf 85' lang='lat' dir='ltr'>sicut</span> <span class='ocrx_word' id='word_1_107' title='bbox 670 1045 860 1084; x_wconf 86' lang='lat' dir='ltr'>creatura</span> <span class='ocrx_word' id='word_1_108' title='bbox 904 1056 950 1084; x_wconf 84' lang='lat' dir='ltr'>ex</span> <span class='ocrx_word' id='word_1_109' title='bbox 995 1043 1126 1084; x_wconf 88' lang='lat' dir='ltr'>nihilo</span> <span class='ocrx_word' id='word_1_110' title='bbox 1167 1045 1233 1084; x_wconf 85' lang='lat' dir='ltr'>est</span> <span class='ocrx_word' id='word_1_111' title='bbox 1270 1044 1422 1093; x_wconf 86' lang='lat' dir='ltr'>factus,</span> <span class='ocrx_word' id='word_1_112' title='bbox 1470 1044 1543 1086; x_wconf 87' lang='lat' dir='ltr'>sed</span> <span class='ocrx_word' id='word_1_113' title='bbox 1581 1045 1642 1086; x_wconf 89' lang='lat' dir='ltr'>sic</span> <span class='ocrx_word' id='word_1_114' title='bbox 1682 1059 1704 1086; x_wconf 90' lang='lat' dir='ltr'>a</span> 
     </span>
     <span class='ocr_line' id='line_1_16' title="bbox 171 1114 1471 1168; baseline 0.002 -14"><span class='ocrx_word' id='word_1_115' title='bbox 171 1115 287 1165; x_wconf 86' lang='lat' dir='ltr'>patre</span> <span class='ocrx_word' id='word_1_116' title='bbox 320 1114 523 1167; x_wconf 87' lang='lat' dir='ltr'>procedit,</span> <span class='ocrx_word' id='word_1_117' title='bbox 557 1116 605 1155; x_wconf 90' lang='lat' dir='ltr'>ut</span> <span class='ocrx_word' id='word_1_118' title='bbox 636 1127 711 1155; x_wconf 90' lang='lat' dir='ltr'>nec</span> <span class='ocrx_word' id='word_1_119' title='bbox 745 1127 768 1155; x_wconf 85' lang='lat' dir='ltr'>a</span> <span class='ocrx_word' id='word_1_120' title='bbox 800 1114 886 1155; x_wconf 89' lang='lat' dir='ltr'>filio</span> <span class='ocrx_word' id='word_1_121' title='bbox 920 1127 995 1156; x_wconf 82' lang='lat' dir='ltr'>nec</span> <span class='ocrx_word' id='word_1_122' title='bbox 1028 1127 1050 1154; x_wconf 89' lang='lat' dir='ltr'>a</span> <span class='ocrx_word' id='word_1_123' title='bbox 1083 1116 1200 1168; x_wconf 89' lang='lat' dir='ltr'>patre</span> <span class='ocrx_word' id='word_1_124' title='bbox 1234 1114 1291 1156; x_wconf 89' lang='lat' dir='ltr'>sit</span> <span class='ocrx_word' id='word_1_125' title='bbox 1321 1115 1471 1156; x_wconf 85' lang='lat' dir='ltr'>factus.</span> 
     </span>
    </p>

    <p class='ocr_par' dir='ltr' id='par_1_6' title="bbox 170 1185 1703 1951">
     <span class='ocr_line' id='line_1_17' title="bbox 230 1185 1703 1239; baseline 0.002 -14"><span class='ocrx_word' id='word_1_126' title='bbox 230 1185 346 1226; x_wconf 87' lang='lat' dir='ltr'>Haec</span> <span class='ocrx_word' id='word_1_127' title='bbox 364 1186 529 1227; x_wconf 78' lang='lat' dir='ltr'>trinitas</span> <span class='ocrx_word' id='word_1_128' title='bbox 550 1186 675 1227; x_wconf 89' lang='lat' dir='ltr'>unius</span> <span class='ocrx_word' id='word_1_129' title='bbox 697 1189 762 1227; x_wconf 86' lang='lat' dir='ltr'>est</span> <span class='ocrx_word' id='word_1_130' title='bbox 787 1185 1062 1238; x_wconf 89' lang='lat' dir='ltr'>eiusdemque</span> <span class='ocrx_word' id='word_1_131' title='bbox 1088 1188 1260 1228; x_wconf 89' lang='lat' dir='ltr'>naturae</span> <span class='ocrx_word' id='word_1_132' title='bbox 1287 1188 1412 1239; x_wconf 85' lang='lat' dir='ltr'>atque</span> <span class='ocrx_word' id='word_1_133' title='bbox 1439 1187 1703 1229; x_wconf 83' lang='lat' dir='ltr'>substantiae</span> 
     </span>
     <span class='ocr_line' id='line_1_18' title="bbox 171 1256 1703 1311; baseline 0.002 -15"><span class='ocrx_word' id='word_1_134' title='bbox 171 1268 250 1296; x_wconf 91' lang='lat' dir='ltr'>non</span> <span class='ocrx_word' id='word_1_135' title='bbox 278 1256 414 1298; x_wconf 89' lang='lat' dir='ltr'>minor</span> <span class='ocrx_word' id='word_1_136' title='bbox 439 1257 479 1297; x_wconf 91' lang='lat' dir='ltr'>in</span> <span class='ocrx_word' id='word_1_137' title='bbox 508 1256 689 1311; x_wconf 76' lang='lat' dir='ltr'>singulis</span> <span class='ocrx_word' id='word_1_138' title='bbox 717 1269 840 1310; x_wconf 88' lang='lat' dir='ltr'>quam</span> <span class='ocrx_word' id='word_1_139' title='bbox 868 1256 909 1297; x_wconf 91' lang='lat' dir='ltr'>in</span> <span class='ocrx_word' id='word_1_140' title='bbox 938 1257 1133 1298; x_wconf 85' lang='lat' dir='ltr'>omnibns</span> <span class='ocrx_word' id='word_1_141' title='bbox 1161 1269 1236 1298; x_wconf 91' lang='lat' dir='ltr'>nec</span> <span class='ocrx_word' id='word_1_142' title='bbox 1268 1257 1402 1298; x_wconf 87' lang='lat' dir='ltr'>maior</span> <span class='ocrx_word' id='word_1_143' title='bbox 1432 1257 1473 1298; x_wconf 92' lang='lat' dir='ltr'>in</span> <span class='ocrx_word' id='word_1_144' title='bbox 1507 1258 1703 1299; x_wconf 88' lang='lat' dir='ltr'>omnibus</span> 
     </span>
     <span class='ocr_line' id='line_1_19' title="bbox 172 1327 1702 1382; baseline 0.001 -14"><span class='ocrx_word' id='word_1_145' title='bbox 172 1340 294 1379; x_wconf 84' lang='lat' dir='ltr'>quam</span> <span class='ocrx_word' id='word_1_146' title='bbox 340 1328 381 1368; x_wconf 91' lang='lat' dir='ltr'>in</span> <span class='ocrx_word' id='word_1_147' title='bbox 427 1328 605 1382; x_wconf 87' lang='lat' dir='ltr'>singulis</span> <span class='ocrx_word' id='word_1_148' title='bbox 651 1327 724 1369; x_wconf 79' lang='lat' dir='ltr'>sed</span> <span class='ocrx_word' id='word_1_149' title='bbox 767 1330 883 1368; x_wconf 88' lang='lat' dir='ltr'>tanta</span> <span class='ocrx_word' id='word_1_150' title='bbox 926 1327 966 1368; x_wconf 93' lang='lat' dir='ltr'>in</span> <span class='ocrx_word' id='word_1_151' title='bbox 1014 1329 1104 1369; x_wconf 84' lang='lat' dir='ltr'>solo</span> <span class='ocrx_word' id='word_1_152' title='bbox 1143 1330 1261 1380; x_wconf 89' lang='lat' dir='ltr'>patre</span> <span class='ocrx_word' id='word_1_153' title='bbox 1300 1327 1369 1369; x_wconf 85' lang='lat' dir='ltr'>uel</span> <span class='ocrx_word' id='word_1_154' title='bbox 1406 1327 1448 1369; x_wconf 91' lang='lat' dir='ltr'>in</span> <span class='ocrx_word' id='word_1_155' title='bbox 1487 1329 1577 1370; x_wconf 86' lang='lat' dir='ltr'>solo</span> <span class='ocrx_word' id='word_1_156' title='bbox 1615 1328 1702 1370; x_wconf 91' lang='lat' dir='ltr'>filio</span> 
     </span>
     <span class='ocr_line' id='line_1_20' title="bbox 172 1399 1702 1453; baseline 0.001 -14"><span class='ocrx_word' id='word_1_157' title='bbox 172 1401 327 1451; x_wconf 84' lang='lat' dir='ltr'>quanta</span> <span class='ocrx_word' id='word_1_158' title='bbox 365 1399 405 1440; x_wconf 90' lang='lat' dir='ltr'>in</span> <span class='ocrx_word' id='word_1_159' title='bbox 439 1402 556 1452; x_wconf 89' lang='lat' dir='ltr'>patre</span> <span class='ocrx_word' id='word_1_160' title='bbox 590 1399 719 1440; x_wconf 90' lang='lat' dir='ltr'>simul</span> <span class='ocrx_word' id='word_1_161' title='bbox 759 1402 801 1440; x_wconf 88' lang='lat' dir='ltr'>et</span> <span class='ocrx_word' id='word_1_162' title='bbox 831 1399 917 1440; x_wconf 91' lang='lat' dir='ltr'>filio</span> <span class='ocrx_word' id='word_1_163' title='bbox 952 1402 993 1440; x_wconf 85' lang='lat' dir='ltr'>et</span> <span class='ocrx_word' id='word_1_164' title='bbox 1025 1402 1142 1441; x_wconf 83' lang='lat' dir='ltr'>tanta</span> <span class='ocrx_word' id='word_1_165' title='bbox 1174 1400 1215 1440; x_wconf 88' lang='lat' dir='ltr'>in</span> <span class='ocrx_word' id='word_1_166' title='bbox 1250 1399 1338 1441; x_wconf 88' lang='lat' dir='ltr'>solo</span> <span class='ocrx_word' id='word_1_167' title='bbox 1373 1399 1525 1453; x_wconf 87' lang='lat' dir='ltr'>spiritu</span> <span class='ocrx_word' id='word_1_168' title='bbox 1558 1403 1702 1442; x_wconf 85' lang='lat' dir='ltr'>sancto</span> 
     </span>
     <span class='ocr_line' id='line_1_21' title="bbox 171 1470 1701 1524; baseline 0.002 -14"><span class='ocrx_word' id='word_1_169' title='bbox 171 1473 327 1522; x_wconf 81' lang='lat' dir='ltr'>quanta</span> <span class='ocrx_word' id='word_1_170' title='bbox 365 1470 493 1511; x_wconf 86' lang='lat' dir='ltr'>simul</span> <span class='ocrx_word' id='word_1_171' title='bbox 530 1470 570 1511; x_wconf 90' lang='lat' dir='ltr'>in</span> <span class='ocrx_word' id='word_1_172' title='bbox 610 1472 728 1523; x_wconf 88' lang='lat' dir='ltr'>patre</span> <span class='ocrx_word' id='word_1_173' title='bbox 768 1472 809 1511; x_wconf 90' lang='lat' dir='ltr'>et</span> <span class='ocrx_word' id='word_1_174' title='bbox 847 1470 932 1511; x_wconf 90' lang='lat' dir='ltr'>filio</span> <span class='ocrx_word' id='word_1_175' title='bbox 967 1474 1008 1512; x_wconf 91' lang='lat' dir='ltr'>et</span> <span class='ocrx_word' id='word_1_176' title='bbox 1040 1470 1191 1524; x_wconf 83' lang='lat' dir='ltr'>spiritu</span> <span class='ocrx_word' id='word_1_177' title='bbox 1225 1473 1385 1512; x_wconf 79' lang='lat' dir='ltr'>saneto.</span> <span class='ocrx_word' id='word_1_178' title='bbox 1425 1484 1558 1524; x_wconf 86' lang='lat' dir='ltr'>neque</span> <span class='ocrx_word' id='word_1_179' title='bbox 1592 1471 1701 1513; x_wconf 87' lang='lat' dir='ltr'>enim</span> 
     </span>
     <span class='ocr_line' id='line_1_22' title="bbox 172 1541 1703 1595; baseline 0.001 -14"><span class='ocrx_word' id='word_1_180' title='bbox 172 1544 300 1594; x_wconf 81' lang='lat' dir='ltr'>pater,</span> <span class='ocrx_word' id='word_1_181' title='bbox 334 1543 382 1582; x_wconf 90' lang='lat' dir='ltr'>ut</span> <span class='ocrx_word' id='word_1_182' title='bbox 414 1542 585 1582; x_wconf 81' lang='lat' dir='ltr'>haberet</span> <span class='ocrx_word' id='word_1_183' title='bbox 618 1541 751 1582; x_wconf 89' lang='lat' dir='ltr'>filium</span> <span class='ocrx_word' id='word_1_184' title='bbox 787 1541 836 1582; x_wconf 86' lang='lat' dir='ltr'>de</span> <span class='ocrx_word' id='word_1_185' title='bbox 870 1554 913 1583; x_wconf 86' lang='lat' dir='ltr'>se</span> <span class='ocrx_word' id='word_1_186' title='bbox 948 1541 1055 1594; x_wconf 81' lang='lat' dir='ltr'>ipso,</span> <span class='ocrx_word' id='word_1_187' title='bbox 1090 1541 1243 1582; x_wconf 88' lang='lat' dir='ltr'>minuit</span> <span class='ocrx_word' id='word_1_188' title='bbox 1275 1554 1318 1582; x_wconf 86' lang='lat' dir='ltr'>se</span> <span class='ocrx_word' id='word_1_189' title='bbox 1350 1541 1505 1595; x_wconf 88' lang='lat' dir='ltr'>ipsum,</span> <span class='ocrx_word' id='word_1_190' title='bbox 1539 1541 1611 1583; x_wconf 88' lang='lat' dir='ltr'>sed</span> <span class='ocrx_word' id='word_1_191' title='bbox 1643 1541 1703 1583; x_wconf 83' lang='lat' dir='ltr'>ita</span> 
     </span>
     <span class='ocr_line' id='line_1_23' title="bbox 171 1612 1699 1666; baseline 0 -13"><span class='ocrx_word' id='word_1_192' title='bbox 171 1613 316 1666; x_wconf 66' lang='lat' dir='ltr'>genuit</span> <span class='ocrx_word' id='word_1_193' title='bbox 355 1613 404 1654; x_wconf 88' lang='lat' dir='ltr'>de</span> <span class='ocrx_word' id='word_1_194' title='bbox 445 1626 488 1654; x_wconf 81' lang='lat' dir='ltr'>se</span> <span class='ocrx_word' id='word_1_195' title='bbox 527 1613 704 1654; x_wconf 85' lang='lat' dir='ltr'>alterum</span> <span class='ocrx_word' id='word_1_196' title='bbox 741 1626 798 1662; x_wconf 85' lang='lat' dir='ltr'>se,</span> <span class='ocrx_word' id='word_1_197' title='bbox 838 1616 885 1653; x_wconf 89' lang='lat' dir='ltr'>ut</span> <span class='ocrx_word' id='word_1_198' title='bbox 917 1615 1033 1654; x_wconf 85' lang='lat' dir='ltr'>totus</span> <span class='ocrx_word' id='word_1_199' title='bbox 1066 1615 1255 1654; x_wconf 89' lang='lat' dir='ltr'>maneret</span> <span class='ocrx_word' id='word_1_200' title='bbox 1286 1612 1326 1653; x_wconf 92' lang='lat' dir='ltr'>in</span> <span class='ocrx_word' id='word_1_201' title='bbox 1362 1625 1405 1654; x_wconf 87' lang='lat' dir='ltr'>se</span> <span class='ocrx_word' id='word_1_202' title='bbox 1439 1615 1482 1653; x_wconf 88' lang='lat' dir='ltr'>et</span> <span class='ocrx_word' id='word_1_203' title='bbox 1514 1615 1628 1654; x_wconf 85' lang='lat' dir='ltr'>esset</span> <span class='ocrx_word' id='word_1_204' title='bbox 1659 1613 1699 1653; x_wconf 89' lang='lat' dir='ltr'>in</span> 
     </span>
     <span class='ocr_line' id='line_1_24' title="bbox 171 1683 1699 1736; baseline 0.001 -13"><span class='ocrx_word' id='word_1_205' title='bbox 171 1684 256 1725; x_wconf 79' lang='lat' dir='ltr'>lilio</span> <span class='ocrx_word' id='word_1_206' title='bbox 296 1687 452 1733; x_wconf 77' lang='lat' dir='ltr'>tantus,</span> <span class='ocrx_word' id='word_1_207' title='bbox 500 1686 682 1736; x_wconf 85' lang='lat' dir='ltr'>quantus</span> <span class='ocrx_word' id='word_1_208' title='bbox 723 1687 788 1724; x_wconf 84' lang='lat' dir='ltr'>est</span> <span class='ocrx_word' id='word_1_209' title='bbox 827 1685 958 1725; x_wconf 81' lang='lat' dir='ltr'>solus.</span> <span class='ocrx_word' id='word_1_210' title='bbox 1000 1683 1194 1724; x_wconf 81' lang='lat' dir='ltr'>similiter</span> <span class='ocrx_word' id='word_1_211' title='bbox 1233 1686 1274 1724; x_wconf 84' lang='lat' dir='ltr'>et</span> <span class='ocrx_word' id='word_1_212' title='bbox 1313 1683 1488 1736; x_wconf 83' lang='lat' dir='ltr'>spiritus</span> <span class='ocrx_word' id='word_1_213' title='bbox 1529 1685 1699 1725; x_wconf 80' lang='lat' dir='ltr'>sanctus</span> 
     </span>
     <span class='ocr_line' id='line_1_25' title="bbox 170 1754 1700 1809; baseline 0.001 -14"><span class='ocrx_word' id='word_1_214' title='bbox 170 1755 332 1809; x_wconf 83' lang='lat' dir='ltr'>integer</span> <span class='ocrx_word' id='word_1_215' title='bbox 370 1754 419 1795; x_wconf 79' lang='lat' dir='ltr'>de</span> <span class='ocrx_word' id='word_1_216' title='bbox 459 1755 620 1809; x_wconf 82' lang='lat' dir='ltr'>integro</span> <span class='ocrx_word' id='word_1_217' title='bbox 660 1767 739 1796; x_wconf 91' lang='lat' dir='ltr'>non</span> <span class='ocrx_word' id='word_1_218' title='bbox 779 1755 1006 1808; x_wconf 76' lang='lat' dir='ltr'>praecedit,</span> <span class='ocrx_word' id='word_1_219' title='bbox 1052 1754 1160 1795; x_wconf 87' lang='lat' dir='ltr'>unde</span> <span class='ocrx_word' id='word_1_220' title='bbox 1199 1755 1400 1809; x_wconf 80' lang='lat' dir='ltr'>procedit,</span> <span class='ocrx_word' id='word_1_221' title='bbox 1447 1754 1520 1795; x_wconf 77' lang='lat' dir='ltr'>sed</span> <span class='ocrx_word' id='word_1_222' title='bbox 1558 1756 1700 1796; x_wconf 82' lang='lat' dir='ltr'>tantus</span> 
     </span>
     <span class='ocr_line' id='line_1_26' title="bbox 171 1825 1699 1879; baseline 0 -13"><span class='ocrx_word' id='word_1_223' title='bbox 171 1839 264 1867; x_wconf 86' lang='lat' dir='ltr'>cum</span> <span class='ocrx_word' id='word_1_224' title='bbox 311 1826 384 1867; x_wconf 92' lang='lat' dir='ltr'>illo</span> <span class='ocrx_word' id='word_1_225' title='bbox 431 1829 613 1879; x_wconf 88' lang='lat' dir='ltr'>quantus</span> <span class='ocrx_word' id='word_1_226' title='bbox 659 1839 706 1867; x_wconf 81' lang='lat' dir='ltr'>ex</span> <span class='ocrx_word' id='word_1_227' title='bbox 750 1825 823 1867; x_wconf 92' lang='lat' dir='ltr'>illo</span> <span class='ocrx_word' id='word_1_228' title='bbox 869 1838 943 1867; x_wconf 87' lang='lat' dir='ltr'>nec</span> <span class='ocrx_word' id='word_1_229' title='bbox 988 1826 1141 1867; x_wconf 89' lang='lat' dir='ltr'>minuit</span> <span class='ocrx_word' id='word_1_230' title='bbox 1186 1839 1282 1867; x_wconf 90' lang='lat' dir='ltr'>eum</span> <span class='ocrx_word' id='word_1_231' title='bbox 1326 1825 1586 1879; x_wconf 86' lang='lat' dir='ltr'>procedendo</span> <span class='ocrx_word' id='word_1_232' title='bbox 1625 1838 1699 1866; x_wconf 88' lang='lat' dir='ltr'>nec</span> 
     </span>
     <span class='ocr_line' id='line_1_27' title="bbox 171 1897 1699 1951; baseline -0.001 -14"><span class='ocrx_word' id='word_1_233' title='bbox 171 1904 298 1951; x_wconf 81' lang='lat' dir='ltr'>anget</span> <span class='ocrx_word' id='word_1_234' title='bbox 335 1897 557 1939; x_wconf 80' lang='lat' dir='ltr'>haerendo.</span> <span class='ocrx_word' id='word_1_235' title='bbox 597 1901 638 1938; x_wconf 88' lang='lat' dir='ltr'>et</span> <span class='ocrx_word' id='word_1_236' title='bbox 675 1898 775 1938; x_wconf 81' lang='lat' dir='ltr'>haec</span> <span class='ocrx_word' id='word_1_237' title='bbox 816 1897 954 1938; x_wconf 80' lang='lat' dir='ltr'>omnia</span> <span class='ocrx_word' id='word_1_238' title='bbox 992 1910 1067 1938; x_wconf 88' lang='lat' dir='ltr'>nec</span> <span class='ocrx_word' id='word_1_239' title='bbox 1106 1898 1279 1938; x_wconf 78' lang='lat' dir='ltr'>confuse</span> <span class='ocrx_word' id='word_1_240' title='bbox 1319 1910 1447 1938; x_wconf 87' lang='lat' dir='ltr'>unum</span> <span class='ocrx_word' id='word_1_241' title='bbox 1488 1899 1586 1937; x_wconf 83' lang='lat' dir='ltr'>sunt</span> <span class='ocrx_word' id='word_1_242' title='bbox 1625 1909 1699 1937; x_wconf 76' lang='lat' dir='ltr'>nec</span> 
     </span>
    </p>
   </div>
   <div class='ocr_carea' id='block_1_6' title="bbox 287 2068 873 2114">
    <p class='ocr_par' dir='ltr' id='par_1_7' title="bbox 287 2068 873 2114">
     <span class='ocr_line' id='line_1_28' title="bbox 287 2068 873 2114; baseline 0 -12"><span class='ocrx_word' id='word_1_243' title='bbox 287 2070 308 2102; x_wconf 79' lang='lat'>6</span> <span class='ocrx_word' id='word_1_244' title='bbox 336 2069 417 2114; x_wconf 72' lang='lat' dir='ltr'>Sap.</span> <span class='ocrx_word' id='word_1_245' title='bbox 445 2069 477 2109; x_wconf 78' lang='lat'>7,</span> <span class='ocrx_word' id='word_1_246' title='bbox 503 2070 548 2103; x_wconf 77' lang='lat'>‘26</span> <span class='ocrx_word' id='word_1_247' title='bbox 626 2069 668 2102; x_wconf 83' lang='lat'>10</span> <span class='ocrx_word' id='word_1_248' title='bbox 694 2068 769 2103; x_wconf 86' lang='lat' dir='ltr'>Ioh.</span> <span class='ocrx_word' id='word_1_249' title='bbox 800 2070 829 2111; x_wconf 87' lang='lat' dir='ltr'>l,</span> <span class='ocrx_word' id='word_1_250' title='bbox 860 2069 873 2103; x_wconf 96' lang='grc'>1</span> 
     </span>
    </p>
   </div>
   <div class='ocr_carea' id='block_1_7' title="bbox 167 2150 1702 2848">
    <p class='ocr_par' dir='ltr' id='par_1_8' title="bbox 167 2150 1702 2848">
     <span class='ocr_line' id='line_1_29' title="bbox 216 2150 1702 2195; baseline 0.001 -12"><span class='ocrx_word' id='word_1_251' title='bbox 216 2151 236 2183; x_wconf 73' lang='grc'>2</span> <span class='ocrx_word' id='word_1_252' title='bbox 264 2150 322 2195; x_wconf 78' lang='lat' dir='ltr'>de]</span> <span class='ocrx_word' id='word_1_253' title='bbox 353 2162 392 2184; x_wconf 79' lang='lat' dir='ltr'>ex</span> <span class='ocrx_word' id='word_1_254' title='bbox 423 2150 452 2185; x_wconf 90' lang='lat' dir='ltr'><em>O</em></span> <span class='ocrx_word' id='word_1_255' title='bbox 525 2152 545 2184; x_wconf 83' lang='lat'>3</span> <span class='ocrx_word' id='word_1_256' title='bbox 572 2151 659 2185; x_wconf 80' lang='lat' dir='ltr'>facit</span> <span class='ocrx_word' id='word_1_257' title='bbox 685 2150 724 2184; x_wconf 83' lang='lat'>1)</span> <span class='ocrx_word' id='word_1_258' title='bbox 796 2152 817 2185; x_wconf 80' lang='lat'><strong>4</strong></span> <span class='ocrx_word' id='word_1_259' title='bbox 845 2151 1022 2185; x_wconf 89' lang='lat' dir='ltr'>flamniam</span> <span class='ocrx_word' id='word_1_260' title='bbox 1050 2151 1088 2185; x_wconf 84' lang='grc' dir='ltr'>Ι)</span> <span class='ocrx_word' id='word_1_261' title='bbox 1186 2150 1375 2195; x_wconf 75' lang='lat' dir='ltr'>splendore</span> <span class='ocrx_word' id='word_1_262' title='bbox 1406 2151 1435 2184; x_wconf 74' lang='grc' dir='ltr'>ζ)</span> <span class='ocrx_word' id='word_1_263' title='bbox 1509 2153 1528 2183; x_wconf 73' lang='grc' dir='ltr'>Γ)</span> <span class='ocrx_word' id='word_1_264' title='bbox 1556 2152 1633 2195; x_wconf 81' lang='lat' dir='ltr'>ipsa</span> <span class='ocrx_word' id='word_1_265' title='bbox 1661 2152 1702 2185; x_wconf 82' lang='grc' dir='ltr'><em>Π</em></span> 
     </span>
     <span class='ocr_line' id='line_1_30' title="bbox 169 2210 1699 2255; baseline 0.003 -15"><span class='ocrx_word' id='word_1_266' title='bbox 169 2214 188 2242; x_wconf 64' lang='lat' dir='ltr'>ii</span> <span class='ocrx_word' id='word_1_267' title='bbox 217 2210 385 2254; x_wconf 74' lang='lat' dir='ltr'>splendor</span> <span class='ocrx_word' id='word_1_268' title='bbox 410 2210 618 2245; x_wconf 76' lang='lat' dir='ltr'><strong><em>PP¹SHP³</em></strong></span> <span class='ocrx_word' id='word_1_269' title='bbox 642 2210 723 2246; x_wconf 76' lang='lat' dir='ltr'>edd.</span> <span class='ocrx_word' id='word_1_270' title='bbox 799 2212 817 2245; x_wconf 82' lang='lat'><strong>7</strong></span> <span class='ocrx_word' id='word_1_271' title='bbox 846 2211 939 2245; x_wconf 89' lang='lat' dir='ltr'>enim</span> <span class='ocrx_word' id='word_1_272' title='bbox 967 2222 1048 2252; x_wconf 49' lang='lat' dir='ltr'>om„</span> <span class='ocrx_word' id='word_1_273' title='bbox 1077 2223 1119 2245; x_wconf 82' lang='lat' dir='ltr'>m.</span> <span class='ocrx_word' id='word_1_274' title='bbox 1149 2215 1168 2245; x_wconf 91' lang='lat'><strong><em>1</em></strong></span> <span class='ocrx_word' id='word_1_275' title='bbox 1193 2211 1278 2245; x_wconf 72' lang='lat' dir='ltr'>adel.</span> <span class='ocrx_word' id='word_1_276' title='bbox 1305 2211 1353 2245; x_wconf 88' lang='lat' dir='ltr'>P¹</span> <span class='ocrx_word' id='word_1_277' title='bbox 1429 2212 1528 2255; x_wconf 72' lang='lat' dir='ltr'>ergo}</span> <span class='ocrx_word' id='word_1_278' title='bbox 1558 2213 1634 2245; x_wconf 78' lang='lat' dir='ltr'>eius</span> <span class='ocrx_word' id='word_1_279' title='bbox 1661 2212 1699 2245; x_wconf 91' lang='lat' dir='ltr'>I)</span> 
     </span>
     <span class='ocr_line' id='line_1_31' title="bbox 168 2270 1697 2315; baseline 0.001 -12"><span class='ocrx_word' id='word_1_280' title='bbox 168 2275 188 2298; x_wconf 50' lang='grc' dir='ltr'><strong>Ν</strong></span> <span class='ocrx_word' id='word_1_281' title='bbox 216 2273 404 2305; x_wconf 76' lang='lat' dir='ltr'>coaeterne</span> <span class='ocrx_word' id='word_1_282' title='bbox 432 2270 465 2303; x_wconf 88' lang='lat' dir='ltr'><em>L</em></span> <span class='ocrx_word' id='word_1_283' title='bbox 562 2271 582 2304; x_wconf 80' lang='lat'><strong>9</strong></span> <span class='ocrx_word' id='word_1_284' title='bbox 611 2274 644 2304; x_wconf 85' lang='lat' dir='ltr'>et</span> <span class='ocrx_word' id='word_1_285' title='bbox 672 2275 802 2304; x_wconf 86' lang='lat' dir='ltr'>terram</span> <span class='ocrx_word' id='word_1_286' title='bbox 831 2271 894 2313; x_wconf 73' lang='lat' dir='ltr'>his,</span> <span class='ocrx_word' id='word_1_287' title='bbox 922 2271 1078 2305; x_wconf 74' lang='lat' dir='ltr'>alterum</span> <span class='ocrx_word' id='word_1_288' title='bbox 1102 2282 1148 2306; x_wconf 80' lang='lat' dir='ltr'>m.</span> <span class='ocrx_word' id='word_1_289' title='bbox 1177 2274 1195 2304; x_wconf 91' lang='lat'><strong><em>1</em></strong></span> <span class='ocrx_word' id='word_1_290' title='bbox 1224 2281 1301 2315; x_wconf 79' lang='lat' dir='ltr'>exp.</span> <span class='ocrx_word' id='word_1_291' title='bbox 1331 2271 1373 2304; x_wconf 72' lang='lat'>1²¹</span> <span class='ocrx_word' id='word_1_292' title='bbox 1483 2271 1525 2305; x_wconf 90' lang='lat'>10</span> <span class='ocrx_word' id='word_1_293' title='bbox 1552 2275 1697 2305; x_wconf 82' lang='lat' dir='ltr'>sanctus</span> 
     </span>
     <span class='ocr_line' id='line_1_32' title="bbox 169 2328 1695 2375; baseline 0.001 -13"><span class='ocrx_word' id='word_1_294' title='bbox 169 2341 309 2375; x_wconf 81' lang='lat' dir='ltr'>qnoque</span> <span class='ocrx_word' id='word_1_295' title='bbox 336 2330 483 2374; x_wconf 81' lang='lat' dir='ltr'>spiritus</span> <span class='ocrx_word' id='word_1_296' title='bbox 515 2328 717 2363; x_wconf 57' lang='lat' dir='ltr'>ppigffpa</span> <span class='ocrx_word' id='word_1_297' title='bbox 810 2330 848 2363; x_wconf 92' lang='lat'>11</span> <span class='ocrx_word' id='word_1_298' title='bbox 879 2329 942 2364; x_wconf 85' lang='lat' dir='ltr'>sed</span> <span class='ocrx_word' id='word_1_299' title='bbox 969 2330 1119 2364; x_wconf 84' lang='lat' dir='ltr'>sic—sit</span> <span class='ocrx_word' id='word_1_300' title='bbox 1144 2329 1260 2365; x_wconf 85' lang='lat' dir='ltr'>factus</span> <span class='ocrx_word' id='word_1_301' title='bbox 1287 2341 1353 2367; x_wconf 85' lang='lat' dir='ltr'>om.</span> <span class='ocrx_word' id='word_1_302' title='bbox 1382 2342 1436 2363; x_wconf 75' lang='lat' dir='ltr'>(tc</span> <span class='ocrx_word' id='word_1_303' title='bbox 1534 2341 1552 2363; x_wconf 79' lang='lat' dir='ltr'>a</span> <span class='ocrx_word' id='word_1_304' title='bbox 1579 2331 1695 2374; x_wconf 69' lang='lat' dir='ltr'>pati-el</span> 
     </span>
     <span class='ocr_line' id='line_1_33' title="bbox 169 2388 1698 2435; baseline -0.001 -11"><span class='ocrx_word' id='word_1_305' title='bbox 169 2403 187 2424; x_wconf 80' lang='lat' dir='ltr'>a</span> <span class='ocrx_word' id='word_1_306' title='bbox 214 2394 315 2435; x_wconf 80' lang='lat' dir='ltr'>patre</span> <span class='ocrx_word' id='word_1_307' title='bbox 343 2390 490 2433; x_wconf 78' lang='lat' dir='ltr'>filioque</span> <span class='ocrx_word' id='word_1_308' title='bbox 515 2390 638 2432; x_wconf 81' lang='lat' dir='ltr'>flrm</span> <span class='ocrx_word' id='word_1_309' title='bbox 721 2389 763 2422; x_wconf 71' lang='lat'>12</span> <span class='ocrx_word' id='word_1_310' title='bbox 791 2400 854 2423; x_wconf 89' lang='lat' dir='ltr'>nec</span> <span class='ocrx_word' id='word_1_311' title='bbox 881 2400 901 2423; x_wconf 87' lang='lat' dir='ltr'>a</span> <span class='ocrx_word' id='word_1_312' title='bbox 926 2392 1029 2434; x_wconf 79' lang='lat' dir='ltr'>patre</span> <span class='ocrx_word' id='word_1_313' title='bbox 1055 2400 1124 2424; x_wconf 86' lang='lat' dir='ltr'>om.</span> <span class='ocrx_word' id='word_1_314' title='bbox 1142 2392 1173 2433; x_wconf 84' lang='lat' dir='ltr'><em>f</em></span> <span class='ocrx_word' id='word_1_315' title='bbox 1243 2390 1285 2424; x_wconf 88' lang='grc'>13</span> <span class='ocrx_word' id='word_1_316' title='bbox 1313 2393 1368 2424; x_wconf 78' lang='lat' dir='ltr'>est</span> <span class='ocrx_word' id='word_1_317' title='bbox 1392 2401 1460 2423; x_wconf 82' lang='lat' dir='ltr'>om.</span> <span class='ocrx_word' id='word_1_318' title='bbox 1487 2388 1698 2423; x_wconf 71' lang='lat' dir='ltr'>1²1¹¹SHP³¹</span> 
     </span>
     <span class='ocr_line' id='line_1_34' title="bbox 171 2448 1697 2494; baseline -0.002 -10"><span class='ocrx_word' id='word_1_319' title='bbox 171 2452 212 2484; x_wconf 87' lang='lat'>14</span> <span class='ocrx_word' id='word_1_320' title='bbox 240 2449 548 2494; x_wconf 81' lang='lat' dir='ltr'>quani—singulis</span> <span class='ocrx_word' id='word_1_321' title='bbox 577 2460 642 2483; x_wconf 66' lang='lat' dir='ltr'>om⁴</span> <span class='ocrx_word' id='word_1_322' title='bbox 672 2448 706 2481; x_wconf 71' lang='lat'>1²</span> <span class='ocrx_word' id='word_1_323' title='bbox 828 2448 870 2482; x_wconf 82' lang='lat'>16</span> <span class='ocrx_word' id='word_1_324' title='bbox 896 2451 1000 2482; x_wconf 83' lang='lat' dir='ltr'>tanta</span> <span class='ocrx_word' id='word_1_325' title='bbox 1027 2451 1064 2483; x_wconf 86' lang='lat' dir='ltr'>et</span> <span class='ocrx_word' id='word_1_326' title='bbox 1088 2449 1127 2483; x_wconf 83' lang='grc' dir='ltr'>Ι)</span> <span class='ocrx_word' id='word_1_327' title='bbox 1253 2449 1478 2483; x_wconf 82' lang='lat' dir='ltr'>tanta—filio</span> <span class='ocrx_word' id='word_1_328' title='bbox 1507 2451 1543 2482; x_wconf 85' lang='lat' dir='ltr'>et</span> <span class='ocrx_word' id='word_1_329' title='bbox 1569 2459 1636 2483; x_wconf 77' lang='lat' dir='ltr'>om.</span> <span class='ocrx_word' id='word_1_330' title='bbox 1664 2448 1697 2481; x_wconf 84' lang='lat' dir='ltr'><em>L</em></span> 
     </span>
     <span class='ocr_line' id='line_1_35' title="bbox 171 2507 1698 2551; baseline -0.001 -9"><span class='ocrx_word' id='word_1_331' title='bbox 171 2510 209 2542; x_wconf 74' lang='lat'>17</span> <span class='ocrx_word' id='word_1_332' title='bbox 239 2512 275 2542; x_wconf 86' lang='lat' dir='ltr'>et</span> <span class='ocrx_word' id='word_1_333' title='bbox 303 2509 338 2542; x_wconf 92' lang='lat' dir='ltr'>iii</span> <span class='ocrx_word' id='word_1_334' title='bbox 365 2509 438 2543; x_wconf 81' lang='lat' dir='ltr'>filio</span> <span class='ocrx_word' id='word_1_335' title='bbox 465 2508 672 2542; x_wconf 58' lang='lat' dir='ltr'>Plsssmss</span> <span class='ocrx_word' id='word_1_336' title='bbox 748 2509 788 2541; x_wconf 56' lang='lat'>18</span> <span class='ocrx_word' id='word_1_337' title='bbox 816 2508 870 2551; x_wconf 84' lang='lat' dir='ltr'>utl</span> <span class='ocrx_word' id='word_1_338' title='bbox 899 2519 982 2551; x_wconf 81' lang='lat' dir='ltr'>non,</span> <span class='ocrx_word' id='word_1_339' title='bbox 1008 2520 1052 2542; x_wconf 84' lang='lat' dir='ltr'>m.</span> <span class='ocrx_word' id='word_1_340' title='bbox 1075 2510 1100 2542; x_wconf 81' lang='lat'><em>2</em></span> <span class='ocrx_word' id='word_1_341' title='bbox 1126 2510 1165 2542; x_wconf 82' lang='lat' dir='ltr'>iit</span> <span class='ocrx_word' id='word_1_342' title='bbox 1185 2509 1233 2542; x_wconf 74' lang='lat'>1²¹</span> <span class='ocrx_word' id='word_1_343' title='bbox 1332 2508 1444 2542; x_wconf 83' lang='lat' dir='ltr'>haber</span> <span class='ocrx_word' id='word_1_344' title='bbox 1467 2507 1578 2550; x_wconf 67' lang='lat' dir='ltr'>(sicl),</span> <span class='ocrx_word' id='word_1_345' title='bbox 1605 2519 1649 2541; x_wconf 86' lang='lat' dir='ltr'>m.</span> <span class='ocrx_word' id='word_1_346' title='bbox 1672 2510 1698 2541; x_wconf 70' lang='lat'><strong><em>2</em></strong></span> 
     </span>
     <span class='ocr_line' id='line_1_36' title="bbox 168 2566 1697 2611; baseline -0.002 -9"><span class='ocrx_word' id='word_1_347' title='bbox 168 2568 317 2602; x_wconf 73' lang='lat' dir='ltr'>liaberet</span> <span class='ocrx_word' id='word_1_348' title='bbox 344 2568 378 2601; x_wconf 83' lang='grc' dir='ltr'><em>Ρ</em></span> <span class='ocrx_word' id='word_1_349' title='bbox 400 2567 530 2602; x_wconf 87' lang='lat' dir='ltr'>habere</span> <span class='ocrx_word' id='word_1_350' title='bbox 559 2568 591 2601; x_wconf 89' lang='lat' dir='ltr'><em>L</em></span> <span class='ocrx_word' id='word_1_351' title='bbox 644 2568 686 2601; x_wconf 77' lang='lat'>19</span> <span class='ocrx_word' id='word_1_352' title='bbox 712 2567 1094 2611; x_wconf 73' lang='lat' dir='ltr'>maneretl-iniieniret</span> <span class='ocrx_word' id='word_1_353' title='bbox 1120 2568 1206 2602; x_wconf 57' lang='lat' dir='ltr'>Pl’ss</span> <span class='ocrx_word' id='word_1_354' title='bbox 1279 2568 1313 2602; x_wconf 86' lang='lat' dir='ltr'>in</span> <span class='ocrx_word' id='word_1_355' title='bbox 1341 2567 1429 2611; x_wconf 68' lang='lat' dir='ltr'>filio!</span> <span class='ocrx_word' id='word_1_356' title='bbox 1459 2578 1537 2601; x_wconf 89' lang='lat' dir='ltr'>cuni</span> <span class='ocrx_word' id='word_1_357' title='bbox 1564 2566 1637 2600; x_wconf 80' lang='lat' dir='ltr'>filio</span> <span class='ocrx_word' id='word_1_358' title='bbox 1659 2566 1697 2599; x_wconf 85' lang='lat' dir='ltr'>J)</span> 
     </span>
     <span class='ocr_line' id='line_1_37' title="bbox 167 2624 1692 2671; baseline -0.003 -10"><span class='ocrx_word' id='word_1_359' title='bbox 167 2629 211 2661; x_wconf 74' lang='lat'>20</span> <span class='ocrx_word' id='word_1_360' title='bbox 239 2631 394 2671; x_wconf 80' lang='lat' dir='ltr'>quantus</span> <span class='ocrx_word' id='word_1_361' title='bbox 421 2638 487 2662; x_wconf 85' lang='lat' dir='ltr'>om.</span> <span class='ocrx_word' id='word_1_362' title='bbox 515 2627 553 2660; x_wconf 82' lang='lat' dir='ltr'>J)</span> <span class='ocrx_word' id='word_1_363' title='bbox 668 2627 734 2670; x_wconf 68' lang='lat' dir='ltr'>est]</span> <span class='ocrx_word' id='word_1_364' title='bbox 764 2629 800 2660; x_wconf 79' lang='lat' dir='ltr'>et</span> <span class='ocrx_word' id='word_1_365' title='bbox 826 2626 1112 2660; x_wconf 60' lang='grc' dir='ltr'>ΡΡῑΚδῸΙῘΡ3</span> <span class='ocrx_word' id='word_1_366' title='bbox 1137 2626 1215 2662; x_wconf 78' lang='lat' dir='ltr'>edd.</span> <span class='ocrx_word' id='word_1_367' title='bbox 1327 2627 1367 2660; x_wconf 77' lang='lat'>21</span> <span class='ocrx_word' id='word_1_368' title='bbox 1399 2637 1466 2659; x_wconf 89' lang='lat' dir='ltr'>non</span> <span class='ocrx_word' id='word_1_369' title='bbox 1495 2624 1692 2670; x_wconf 75' lang='lat' dir='ltr'>praecedit}</span> 
     </span>
     <span class='ocr_line' id='line_1_38' title="bbox 167 2684 1693 2730; baseline -0.001 -11"><span class='ocrx_word' id='word_1_370' title='bbox 167 2698 236 2719; x_wconf 71' lang='lat' dir='ltr'>non</span> <span class='ocrx_word' id='word_1_371' title='bbox 265 2685 455 2730; x_wconf 83' lang='lat' dir='ltr'>praecedet</span> <span class='ocrx_word' id='word_1_372' title='bbox 480 2688 537 2728; x_wconf 87' lang='lat' dir='ltr'>(m.</span> <span class='ocrx_word' id='word_1_373' title='bbox 567 2688 584 2718; x_wconf 91' lang='lat'><em>1</em></span> <span class='ocrx_word' id='word_1_374' title='bbox 618 2696 708 2719; x_wconf 79' lang='lat' dir='ltr'>corr.</span> <span class='ocrx_word' id='word_1_375' title='bbox 742 2684 936 2729; x_wconf 83' lang='lat' dir='ltr'>praecedit)</span> <span class='ocrx_word' id='word_1_376' title='bbox 968 2684 1016 2718; x_wconf 83' lang='lat' dir='ltr'>Pl</span> <span class='ocrx_word' id='word_1_377' title='bbox 1049 2697 1118 2719; x_wconf 91' lang='lat' dir='ltr'>non</span> <span class='ocrx_word' id='word_1_378' title='bbox 1153 2685 1327 2730; x_wconf 76' lang='lat' dir='ltr'>praecidit</span> <span class='ocrx_word' id='word_1_379' title='bbox 1354 2685 1392 2718; x_wconf 85' lang='grc' dir='ltr'>Ι)</span> <span class='ocrx_word' id='word_1_380' title='bbox 1425 2689 1492 2729; x_wconf 52' lang='lat' dir='ltr'>quo</span> <span class='ocrx_word' id='word_1_381' title='bbox 1519 2695 1588 2717; x_wconf 92' lang='lat' dir='ltr'>non</span> <span class='ocrx_word' id='word_1_382' title='bbox 1615 2694 1693 2728; x_wconf 87' lang='lat' dir='ltr'>pre·</span> 
     </span>
     <span class='ocr_line' id='line_1_39' title="bbox 167 2743 1695 2790; baseline -0.001 -14"><span class='ocrx_word' id='word_1_383' title='bbox 167 2745 262 2779; x_wconf 62' lang='lat' dir='ltr'>«vdit</span> <span class='ocrx_word' id='word_1_384' title='bbox 295 2748 391 2779; x_wconf 83' lang='lat' dir='ltr'>etate</span> <span class='ocrx_word' id='word_1_385' title='bbox 418 2756 482 2778; x_wconf 72' lang='lat' dir='ltr'>iiec</span> <span class='ocrx_word' id='word_1_386' title='bbox 509 2744 690 2788; x_wconf 76' lang='lat' dir='ltr'>dignitate</span> <span class='ocrx_word' id='word_1_387' title='bbox 723 2755 791 2778; x_wconf 89' lang='lat' dir='ltr'>non</span> <span class='ocrx_word' id='word_1_388' title='bbox 825 2743 987 2788; x_wconf 76' lang='lat' dir='ltr'>precedit</span> <span class='ocrx_word' id='word_1_389' title='bbox 1013 2743 1063 2778; x_wconf 70' lang='lat'>122</span> <span class='ocrx_word' id='word_1_390' title='bbox 1088 2756 1192 2790; x_wconf 85' lang='lat' dir='ltr'>quem</span> <span class='ocrx_word' id='word_1_391' title='bbox 1219 2756 1288 2778; x_wconf 91' lang='lat' dir='ltr'>non</span> <span class='ocrx_word' id='word_1_392' title='bbox 1318 2743 1478 2788; x_wconf 77' lang='lat' dir='ltr'>procedit</span> <span class='ocrx_word' id='word_1_393' title='bbox 1505 2746 1603 2776; x_wconf 77' lang='lat' dir='ltr'>etate</span> <span class='ocrx_word' id='word_1_394' title='bbox 1630 2752 1695 2776; x_wconf 80' lang='lat' dir='ltr'>nec</span> 
     </span>
     <span class='ocr_line' id='line_1_40' title="bbox 168 2803 709 2848; baseline -0.004 -10"><span class='ocrx_word' id='word_1_395' title='bbox 168 2804 345 2847; x_wconf 67' lang='lat' dir='ltr'>dignitate</span> <span class='ocrx_word' id='word_1_396' title='bbox 372 2815 440 2838; x_wconf 91' lang='lat' dir='ltr'>non</span> <span class='ocrx_word' id='word_1_397' title='bbox 468 2803 649 2848; x_wconf 78' lang='lat' dir='ltr'>praecedit</span> <span class='ocrx_word' id='word_1_398' title='bbox 676 2803 709 2836; x_wconf 64' lang='lat'>1,</span> 
     </span>
    </p>
   </div>
   <div class='ocr_carea' id='block_1_8' title="bbox 206 2872 1645 2918">
    <p class='ocr_par' dir='ltr' id='par_1_9' title="bbox 206 2872 1645 2918">
     <span class='ocr_line' id='line_1_41' title="bbox 206 2872 1645 2918; baseline -0.003 -5"><span class='ocrx_word' id='word_1_399' title='bbox 206 2888 371 2913; x_wconf 77' lang='lat' dir='ltr'>xxxxiiii</span> <span class='ocrx_word' id='word_1_400' title='bbox 394 2888 468 2918; x_wconf 69' lang='lat' dir='ltr'>Aug.</span> <span class='ocrx_word' id='word_1_401' title='bbox 492 2891 561 2912; x_wconf 60' lang='lat' dir='ltr'>wei.</span> <span class='ocrx_word' id='word_1_402' title='bbox 581 2887 608 2912; x_wconf 89' lang='lat'>11</span> <span class='ocrx_word' id='word_1_403' title='bbox 630 2894 697 2918; x_wconf 67' lang='lat' dir='ltr'>par&lt;</span> <span class='ocrx_word' id='word_1_404' title='bbox 718 2889 742 2912; x_wconf 68' lang='lat' dir='ltr'>a.</span> <span class='ocrx_word' id='word_1_405' title='bbox 1599 2872 1645 2905; x_wconf 83' lang='grc'>40</span> 
     </span>
    </p>
   </div>
  </div>
 </body>
</html>
