1952 3118
29 841 59 881 Ο

62 927 96 953 10

66 1282 99 1308 15

65 1637 101 1664 20

67 1993 101 2020 25

616 146 965 190 epistularum
1005 115 1180 182 CLVIII.x
1565 150 1652 190 495

121 275 293 317 memini
326 278 494 317 sanctos
527 275 640 317 uiros
668 275 717 317 de
744 277 998 318 monasterio
1028 277 1321 330 praecessisse.
1355 278 1520 318 locutos
1547 277 1651 318 mihi

122 349 163 388 et
188 347 247 388 ita
279 346 413 388 fuisse
439 346 613 396 factum,
647 348 695 387 ut
721 346 926 388 dixerunt.
959 351 1033 388 aut
1059 348 1095 389 si
1122 347 1275 401 aliquis
1303 347 1478 401 spiritus
1505 348 1656 389 melior

121 421 198 465 est,
244 418 316 470 qui
362 429 504 459 eorum
546 418 719 471 figuram
761 417 946 459 adsumit
986 421 1028 460 et
1067 420 1245 460 mentem
1292 418 1452 465 uisitat,
1498 418 1654 460 uiderit

120 488 204 539 ille,
245 487 312 529 cui
346 488 484 528 omnia
516 487 626 528 nuda
657 501 680 528 a
713 500 878 529 summa
916 489 1080 530 ceruice
1120 491 1228 530 sunt.
1267 490 1302 531 si
1336 489 1436 543 quid
1469 502 1566 543 ergo
1601 490 1653 531 de

120 559 185 600 his
218 558 412 599 omnibus
445 560 551 600 tuae-
575 558 790 600 sanctitati
816 559 1010 601 dominus
1037 572 1111 614 per
1135 560 1338 601 rationem
1365 560 1481 614 loqui
1510 561 1653 615 digna-

119 630 244 679 bitur,
283 642 399 684 rogo,
439 632 486 671 ut
518 631 652 671 facere
684 643 750 671 me
783 630 967 684 digneris
1002 630 1248 684 participem
1280 631 1405 673 huius
1433 631 1650 673 scientiae.

120 700 344 754 praeterire
379 703 517 742 autem
552 703 594 742 et
625 701 703 742 hoc
736 701 870 748 nolui;
906 702 1012 742 forte
1046 701 1154 743 enim
1187 702 1367 755 pertinet
1394 701 1445 743 ad
1476 702 1651 755 inquisi-

118 772 275 813 tionem
309 784 462 812 meam.

178 843 287 883 Puer
312 843 418 896 ipse.
447 843 495 884 de
523 856 604 896 quo
633 843 784 897 agitur,
812 846 1012 896 tempore,
1041 856 1122 897 quo
1150 843 1407 893 soluebatur,
1441 843 1653 885 exhibitus

122 913 303 967 quodam
335 914 458 955 modo
492 914 641 968 pergit.
675 927 769 955 nam
806 914 973 956 uidetur
999 927 1071 969 per
1097 915 1308 956 somnium
1335 915 1651 969 condiscipulus

121 988 163 1026 et
200 984 413 1026 conlector
450 985 599 1037 ipsius,
639 997 733 1026 cum
774 998 856 1038 quo
895 985 998 1027 mihi
1037 985 1285 1039 excipiebat,
1326 986 1397 1039 qui
1435 986 1517 1027 iam
1557 988 1652 1027 ante

122 1058 215 1098 octo
242 1068 406 1097 menses
434 1069 604 1109 corpore
631 1059 718 1097 erat
739 1058 970 1110 exemptus,
999 1057 1181 1098 uenisse.
1209 1069 1304 1098 cum
1326 1057 1654 1111 interrogaretur

123 1127 172 1168 ab
206 1139 267 1177 e0,
307 1127 378 1180 qui
416 1139 513 1168 eum
551 1129 651 1169 tunc
690 1128 898 1178 cernebat,
939 1141 1012 1169 cur
1050 1128 1306 1178 aduenisset,
1346 1128 1404 1169 ait
1442 1128 1532 1169 ille:
1573 1128 1653 1169 ‘Ad

124 1198 305 1238 amicum
339 1211 479 1239 meum
514 1198 611 1239 hinc
644 1198 882 1240 ducendum
917 1199 1042 1240 ueni’.
1083 1202 1126 1241 et
1155 1200 1215 1241 ita
1246 1199 1405 1241 factum
1439 1201 1516 1241 est.
1555 1212 1650 1240 nam

125 1269 238 1310 etin
273 1268 396 1310 domo
429 1269 521 1322 ipsa
559 1269 648 1310 seni
686 1269 850 1311 cuidam
889 1283 1019 1323 paene
1058 1270 1256 1325 uigilanti
1293 1270 1488 1324 apparuit
1526 1270 1652 1311 homo

123 1340 288 1381 laurum
326 1343 495 1394 portans
534 1340 574 1382 in
613 1354 738 1382 manu
777 1344 813 1381 et
852 1341 1067 1395 scriptum.
1113 1344 1156 1384 at
1193 1341 1265 1383 ubi
1302 1342 1374 1382 ille
1413 1342 1532 1383 uisus
1572 1343 1652 1390 est,

125 1410 367 1465 adiungitur
405 1410 555 1460 adhuc,
595 1411 706 1464 quod
743 1415 841 1465 post
879 1412 1036 1454 exitum
1074 1412 1192 1466 pueri
1225 1414 1342 1465 pater
1373 1412 1508 1465 ipsius
1541 1425 1652 1466 pres-

124 1482 245 1535 byter
288 1495 383 1523 cum
428 1495 525 1523 sene
570 1482 749 1524 Theasio
788 1483 828 1523 in
873 1483 1126 1525 monasterio
1173 1496 1264 1525 esse
1316 1485 1510 1537 coeperat
1559 1495 1650 1525 con-

126 1552 286 1594 solandi
313 1565 356 1594 se
385 1553 531 1608 gratia,
565 1553 638 1595 sed
664 1557 760 1607 post
784 1554 958 1596 tertium
985 1554 1094 1596 diem
1122 1554 1238 1607 pueri
1272 1554 1459 1596 defuncti
1485 1554 1657 1596 uidetur

124 1623 234 1664 idem
280 1637 383 1677 puer
431 1624 482 1665 ad
532 1625 833 1666 monasterium
883 1626 1100 1680 ingressus
1150 1628 1193 1666 et
1230 1638 1252 1667 a
1296 1625 1477 1679 quodam
1528 1625 1654 1667 fratre

125 1707 197 1748 per
240 1695 449 1748 quoddam
494 1695 705 1737 somnium
744 1696 1038 1751 interrogatur,
1086 1698 1227 1737 utrum
1266 1697 1394 1738 sciret
1433 1709 1476 1737 se
1521 1696 1655 1737 fuisse

125 1769 356 1814 mortuum3
390 1766 495 1807 dixit
527 1779 571 1808 se
599 1767 720 1816 scire;
756 1771 900 1808 utrum
926 1767 1078 1809 fuisset
1105 1781 1127 1809 a
1154 1767 1230 1808 deo
1258 1770 1472 1821 receptus3
1507 1771 1549 1809 et
1574 1767 1654 1808 hoc

125 1850 267 1879 secum
300 1851 452 1892 magna
482 1839 648 1880 rettulit
679 1838 983 1893 gratulatione;
1012 1852 1192 1892 cumque
1220 1851 1347 1880 causa
1373 1841 1656 1892 quaereretur,

127 1921 199 1950 cnr
225 1908 480 1958 aduenisset,
508 1910 567 1951 ait
593 1914 693 1951 tunc
720 1910 809 1951 ille:
837 1910 1011 1951 ‘Missus
1040 1923 1147 1952 sum.
1176 1914 1224 1951 ut
1249 1910 1467 1951 exhibeam
1492 1911 1653 1963 patrem

126 1985 295 2021 meum‘.
334 1980 522 2034 euigilat,
562 1981 629 2022 cui
668 1981 770 2023 haec
803 1981 1144 2031 ostendebantur,
1191 1984 1233 2022 et
1270 1983 1419 2022 narrat.
1465 1981 1658 2034 peruenit

126 2063 260 2104 usque
306 2051 356 2092 ad
402 2064 542 2093 aurem
589 2052 775 2105 episcopi
820 2051 986 2094 Theasi.
1034 2052 1105 2106 qui
1150 2055 1365 2106 permotus
1412 2051 1658 2106 obiurgauit

127 2121 349 2171 dicentem,
389 2135 438 2164 ne
471 2123 593 2164 facile
626 2123 866 2177 perueniret
897 2123 948 2164 ad
981 2136 1123 2164 aurem
1156 2123 1390 2177 presbyteri
1423 2125 1465 2164 et
1495 2125 1655 2176 pertur-

127 2192 294 2234 baretur
332 2194 406 2235 tali
439 2194 599 2236 nuntio.
642 2194 741 2248 quid
775 2194 875 2235 diu?
915 2198 1012 2248 post
1051 2194 1138 2236 dies
1178 2194 1284 2236 sorte
1324 2196 1523 2248 quattuor
1557 2193 1656 2235 uisi—

128 2264 314 2313 tationis,
355 2278 448 2306 cum
488 2266 677 2319 loquitur
709 2290 764 2295 —
798 2279 892 2307 nam
926 2265 1135 2307 modicam
1175 2269 1363 2307 senserat
1395 2265 1654 2312 febriculam,

246 2427 267 2460 4
291 2426 400 2461 Hebr.
427 2428 460 2467 4,
491 2427 533 2462 13

180 2510 193 2542 1
224 2510 442 2553 processisse
475 2510 509 2544 U
579 2513 600 2545 2
627 2511 762 2546 factum
792 2511 902 2545 fuisse
938 2511 1008 2546 VU
1029 2511 1110 2547 edd.
1197 2512 1219 2545 4
1245 2510 1342 2546 nuda.
1368 2515 1403 2545 et
1442 2521 1581 2544 summa
1607 2510 1659 2552 P,-

121 2569 285 2612 sortasse
312 2570 468 2604 alterum
494 2570 718 2604 adiectiuum
745 2570 941 2607 intercidit.
970 2571 1068 2605 uelut
1093 2570 1190 2605 nuda
1215 2573 1251 2604 et
1285 2571 1425 2615 [aperta
1451 2570 1485 2613 a}
1521 2580 1658 2603 sumnia

132 2627 151 2661 7
178 2628 341 2673 preteriri
367 2628 402 2662 P
470 2629 512 2663 14
538 2629 632 2663 hunc
666 2628 738 2663 VL‘
761 2629 839 2664 edd.
917 2630 959 2664 15
985 2641 1087 2664 senes
1114 2629 1259 2674 quidam
1286 2630 1321 2663 P
1394 2630 1435 2663 16
1463 2632 1500 2663 et
1526 2627 1662 2662 addidi

134 2687 175 2720 18
201 2691 393 2731 coeperant
427 2687 496 2722 VU
520 2688 598 2724 edd.
674 2688 719 2723 20
746 2691 781 2723 et
808 2700 875 2723 om.
903 2689 938 2722 P
1008 2689 1048 2723 21
1079 2700 1142 2733 per
1168 2688 1321 2734 quodam
1349 2688 1384 2722 P
1461 2688 1506 2723 23
1533 2698 1658 2732 querc—

132 2748 232 2780 retur
254 2746 289 2781 P
359 2747 404 2782 25
431 2747 639 2792 peruenitur
664 2747 699 2781 P
775 2748 820 2782 26
846 2747 978 2782 theasii
1012 2747 1041 2782 V
1065 2744 1143 2782 e'zld.
