1952 3118
5 955 9 995 ⁴:
58 956 110 997 70
142 977 173 1001 ω

11 1277 16 1305 ψ,
0 1147 15 1271 »ὑὲ-..εἷο
0 1114 15 1138 Ἀθ
0 1021 13 1105 ²2«ss
7 999 9 1012 μ

143 1332 175 1357 15

142 1689 176 1714 20

717 190 1067 235 epistularum
1108 191 1208 225 cxl„
1641 195 1723 236 217

201 319 464 374 indigeamus
503 345 560 349 —
603 319 757 361 nouit
801 320 935 360 enim
983 323 1135 374 pater
1180 326 1369 370 uester,
1410 323 1468 364 ait
1513 322 1723 365 dominus,

201 391 325 445 quid
358 391 516 432 uobis
549 390 919 433 necessarium
954 392 1040 442 sit,
1074 392 1387 446 priusquam
1423 394 1630 446 petatis
1665 395 1724 436 ab

201 475 256 504 eo
284 487 353 509 —‚
383 461 454 502 sed
482 461 579 514 quia
605 474 776 503 necesse
805 461 928 503 habet
965 463 1178 504 rationalis
1212 466 1402 505 creatura
1434 464 1727 519 obtemperans

201 533 276 574 deo
322 533 576 586 temporales
622 544 770 574 causas
816 532 867 573 ad
911 536 1121 575 aeternam
1168 534 1389 575 ueritatem
1441 536 1592 577 referre
1637 536 1728 578 siue

200 603 392 657 petendo,
427 603 527 657 quid
565 616 663 659 erga
701 616 744 645 se
783 603 867 654 fiat,
901 603 993 645 siue
1033 604 1303 656 consulendo,
1343 605 1445 658 quid
1483 606 1622 657 faciat,
1657 607 1728 660 qui

199 674 294 728 pius
333 674 487 715 mentis
527 675 703 716 affectus
743 676 820 724 est,
861 678 907 715 ut
950 674 1041 728 ipsa
1086 677 1368 724 construatur,
1408 689 1486 717 non
1534 679 1579 718 ut
1625 677 1726 719 deus

199 745 442 787 instruatur.
487 758 583 787 nam
628 748 669 787 et
711 745 814 787 haec
859 745 1064 799 quaedam
1110 747 1360 788 contestatio
1407 750 1472 788 est
1510 749 1726 790 rationalis

199 818 424 866 creaturae,
459 817 570 869 quod
602 830 681 859 non
715 816 795 858 sibi
833 817 924 870 ipsa
957 817 1013 858 sit
1050 817 1219 867 bonum,
1255 831 1335 871 quo
1375 818 1499 860 beata
1538 818 1622 871 fiat,
1655 819 1726 860 sed

199 886 303 928 illud
323 887 684 939 incommutabile,
706 888 827 930 cuius
854 888 1173 943 participatione
1195 889 1323 930 etiam
1345 890 1510 943 sapiens
1533 890 1726 932 efficitur.

261 959 360 1001 Siue
387 960 446 1001 ita
467 960 626 1002 dictum
648 963 732 1002 est:
754 959 1186 1002 Adnuntiabitur
1212 960 1423 1002 domino
1446 962 1727 1015 generatio

201 1033 439 1081 uentura,
475 1044 521 1073 ac
556 1031 591 1073 si
619 1031 829 1073 diceretur
860 1031 1043 1073 ‘domino
1070 1031 1298 1085 placebunt
1324 1032 1395 1085 qui
1423 1032 1728 1074 adnuntiabunt

200 1114 279 1144 non
324 1102 431 1152 sibi',
477 1105 525 1144 ut
568 1102 627 1145 ita
671 1103 727 1144 sit
772 1103 936 1144 domino
983 1102 1239 1153 adnuntiare,
1285 1102 1397 1144 sicut
1447 1105 1513 1144 est
1562 1103 1728 1144 domino

202 1173 355 1214 uiuere.
378 1173 438 1215 sic
459 1173 619 1215 dictum
642 1177 730 1216 est:
752 1174 850 1226 Qui
877 1174 1178 1224 manducat,
1203 1174 1414 1216 domino
1442 1174 1729 1216 manducat

202 1245 263 1294 et,
310 1245 398 1298 qui
442 1258 540 1286 non
585 1245 884 1297 manducat,
930 1245 1140 1287 domino
1186 1258 1283 1287 non
1329 1245 1628 1287 manducat.
1674 1246 1725 1287 ad

200 1316 278 1358 hoc
311 1316 465 1370 quippe
498 1316 680 1358 addidit:
714 1317 777 1358 Et
809 1317 1017 1371 gratias
1052 1317 1168 1371 agit
1200 1316 1309 1367 deo,
1344 1321 1390 1357 ut
1423 1317 1728 1360 ostenderetur.

201 1387 300 1440 quid
339 1388 469 1429 esset:
503 1388 685 1429 Domino
724 1388 837 1437 facit,
876 1388 918 1428 id
958 1391 1023 1429 est
1060 1388 1100 1429 in
1142 1388 1231 1429 eius
1271 1388 1438 1429 laudem
1478 1388 1591 1429 facit.
1629 1390 1729 1429 tunc

201 1458 309 1500 enim
342 1461 465 1509 recte,
498 1462 598 1500 tunc
631 1459 755 1507 iuste,
789 1461 888 1501 tunc
922 1459 988 1513 pie
1020 1459 1080 1509 fit,
1110 1472 1205 1500 cum
1239 1472 1343 1513 opus
1376 1459 1532 1501 bonum
1566 1459 1604 1500 in
1640 1459 1730 1500 eius

201 1530 248 1571 fit
276 1530 458 1578 laudem,
487 1530 608 1572 cuius
636 1531 771 1585 gratia
797 1531 986 1572 donatur.
1016 1533 1062 1571 ut
1088 1530 1171 1572 fiat.
1199 1544 1245 1572 ac
1272 1544 1345 1584 per
1371 1531 1461 1582 hoc,
1489 1530 1654 1572 etiamsi
1681 1543 1728 1572 eo

200 1601 323 1643 modo
363 1602 572 1655 quispiam
611 1602 739 1644 uerba
776 1602 878 1643 haec
925 1602 1169 1656 intellegere
1214 1601 1333 1654 uelit,
1372 1603 1421 1642 ut
1463 1614 1606 1643 eorum
1651 1600 1730 1642 iste

202 1673 301 1714 ordo
334 1673 412 1714 sit:
452 1673 890 1714 Adnuntiabitur
922 1672 1134 1714 domino
1169 1672 1453 1727 generatio
1487 1674 1728 1713 uentura.

201 1745 242 1785 id
281 1748 347 1786 est
384 1758 432 1786 ea
471 1744 681 1800 generatio
726 1743 1054 1792 adnuntiabitur,
1089 1756 1194 1796 quae
1233 1743 1402 1785 domino
1442 1747 1621 1785 uentura
1652 1744 1729 1784 est.

203 1816 413 1870 generatio
447 1815 611 1857 scilicet
642 1815 806 1868 piorum
839 1817 964 1868 atque
997 1817 1251 1863 sanctorum,
1286 1814 1383 1868 quia
1421 1813 1647 1868 impiorum
1690 1816 1730 1854 et

202 1887 498 1929 sceleratorum
539 1886 751 1941 generatio
792 1899 870 1927 non
910 1886 1077 1927 domino
1119 1885 1192 1927 sed
1232 1885 1312 1927 sibi
1353 1887 1529 1926 uentura
1568 1887 1645 1934 est,
1679 1885 1728 1924 ab

202 1958 345 2000 eadem
391 1958 696 2012 significatione
743 1971 822 1999 non
868 1957 1088 2001 receditur.
1129 1970 1210 2011 qua
1253 1956 1525 2010 intellegatur
1569 1956 1730 1997 animae.

323 2076 337 2109 1
367 2075 496 2108 Mattlr.
523 2076 556 2110 6.
583 2076 603 2102 Η
682 2076 722 2108 12
753 2075 849 2108 1:0111.
881 2076 933 2110 14.
961 2079 980 2102 N
1060 2075 1100 2108 13
1127 2074 1228 2108 Rom.
1258 2073 1311 2115 14,
1338 2074 1358 2105 (ἰ

250 2147 270 2179 3
298 2146 394 2191 quia]
423 2147 469 2190 qd
494 2144 535 2179 N
653 2147 674 2179 4
702 2145 767 2179 «leo
795 2157 861 2179 om.
888 2145 928 2179 N
1036 2145 1288 2179 aeternitatem
1317 2144 1354 2178 N
1464 2143 1515 2177 ad
1539 2143 1728 2177 ueritatem

204 2217 246 2239 ηι.
274 2207 299 2239 ,2
326 2206 411 2239 add.
440 2217 508 2250 que
536 2205 576 2238 N
629 2207 648 2237 ἴ)
676 2204 963 2250 petendo—pius
989 2216 1056 2239 om.
1090 2204 1122 2238 T
1198 2203 1293 2248 quod
1319 2215 1379 2237 em
1439 2205 1460 2237 6
1488 2202 1635 2236 effectus
1660 2202 1690 2235 (ι’
1705 2202 1733 2234 'I'

204 2264 222 2297 ’ἶ
250 2265 467 2300 contestatio
496 2268 549 2298 ost
578 2264 752 2309 quaedam
775 2266 807 2298 (ι’
923 2264 1114 2299 contestio.
1143 2275 1184 2297 m.
1212 2267 1251 2296 ut
1280 2262 1354 2295 uid.
1385 2265 1400 2295 1
1429 2272 1520 2296 corr.
1548 2263 1728 2294 contesta-

202 2323 253 2357 tio
285 2324 316 2357 T
412 2323 597 2357 rationalis
625 2326 807 2357 creaturae
835 2329 890 2357 est
916 2323 994 2356 edd.
1064 2328 1084 2356 δ
1111 2326 1260 2355 naturae
1295 2321 1325 2355 T
1415 2331 1496 2365 quo.
1524 2332 1567 2353 m.
1599 2322 1614 2352 1
1640 2319 1726 2352 add.

205 2381 226 2415 «l
254 2382 284 2415 L
400 2394 469 2426 quo
498 2382 535 2422 (d
561 2394 605 2416 m.
635 2385 651 2415 1
678 2382 777 2418 add..
803 2382 867 2417 secl
890 2389 998 2418 eras.)
1024 2381 1057 2415 L
1159 2382 1198 2415 ll
1227 2380 1446 2415 adnuntiant
1476 2380 1508 2411 (τ’
1610 2379 1650 2411 12
1679 2386 1728 2411 ut.

205 2452 247 2476 m.
275 2445 299 2474 2
323 2444 386 2474 aut
415 2442 447 2475 (ι’
547 2441 608 2485 sit]
638 2445 654 2474 ί-
687 2443 716 2471 (i
818 2441 1054 2475 adnuntiante
1086 2442 1116 2474 0
1188 2440 1230 2473 13
1257 2440 1322 2483 sic}
1350 2439 1403 2472 sis·
1430 2449 1484 2479 tw
1516 2448 1559 2472 m.
1587 2441 1605 2470 1
1633 2438 1665 2473 ?›
1697 2438 1728 2467 (ι’

205 2500 297 2534 sicut
331 2500 360 2532 'l'
434 2502 475 2533 1⁴5
503 2500 563 2545 qui
589 2500 623 2534 L
721 2500 826 2534 laudi·
856 2499 1038 2534 LOGNT
1063 2511 1104 2542 a,·
1129 2499 1177 2543 (f.
1199 2511 1237 2543 Ι).
1266 2499 1348 2535 218,
1380 2502 1402 2531 (J
1491 2497 1531 2530 18
1559 2497 1599 2529 tit
1625 2494 1729 2528 laud·¹

205 2559 353 2593 LGNT
378 2559 482 2593 lau-le
510 2560 550 2593 rit
578 2560 608 2594 Ο
634 2571 656 2593 α
682 2559 823 2594 laudem
850 2562 889 2593 tit
917 2563 994 2593 cett.
1021 2558 1100 2593 edd.
1239 2559 1296 2601 ac!
1325 2557 1390 2591 hac
1418 2557 1448 2589 L
1576 2556 1615 2587 139
1642 2554 1729 2587 haec

206 2617 314 2652 uerba
339 2617 417 2651 edd.
517 2617 601 2652 ordo
628 2619 696 2652 iste
723 2618 762 2652 N
833 2619 874 2652 *21
906 2618 1126 2662 generatio-a
1154 2618 1246 2661 (suit
1274 2617 1331 2650 ne]
1354 2616 1383 2649 Ι,
1478 2618 1559 2658 pos!
1587 2613 1729 2647 «lumino

205 2678 351 2711 iterum:
383 2678 568 2722 generatio
602 2681 755 2711 uentura
788 2677 823 2711 id
858 2690 893 2710 es·
921 2678 1028 2721 (sicf)
1056 2671 1097 2710 ca
1124 2676 1310 2721 generatio
1339 2673 1614 2708 annuntiabitur
1640 2683 1729 2716 qua«¹

207 2736 272 2770 diro
298 2736 331 2770 L
405 2738 448 2770 22
477 2737 575 2780 quia]
604 2737 649 2781 qd
676 2735 717 2769 N
810 2739 918 2780 atque
951 2735 982 2769 T
1054 2735 1098 2769 24
1125 2734 1399 2779 significatione,
1426 2731 1488 2765 sed
1516 2749 1553 2758 ω
1582 2741 1692 2775 snper
1713 2743 1728 2763 e

206 2805 295 2829 ercis.
332 2795 361 2828 T
456 2795 538 2839 quia
564 2795 791 2840 intellegitur
817 2795 955 2829 animae
983 2793 1250 2839 participationi
1279 2791 1313 2826 id
1342 2793 1456 2836 ipsum
1486 2790 1558 2824 G'l·
