1952 3118
747 137 1097 182 epistularum
1137 138 1224 174 CLI.
1669 144 1754 185 389

225 267 264 307 in
287 278 333 307 eo
355 269 624 320 contemptus
651 280 790 309 rerum
817 268 1116 321 praesentium,
1145 272 1301 323 quanta
1321 282 1417 324 spes
1439 272 1480 312 et
1501 270 1754 313 desiderium

225 337 426 378 bonorum
448 340 730 380 aeternorum!
752 352 801 380 ne
822 339 980 381 relictis
1002 340 1196 382 omnibus
1218 341 1504 383 saecularibus
1520 341 1756 385 actionibus

223 407 456 460 susciperet
482 409 698 463 cingulum
725 409 902 451 militiae
925 410 1200 462 Christianae,
1223 412 1440 453 uinculum
1461 413 1758 467 praepediebat

222 479 425 529 uxorium,
471 493 553 533 quo
592 479 671 521 iam
718 480 944 522 innodatus
989 484 1183 535 coeperat
1227 482 1523 536 concupiscere
1568 483 1754 538 meliora,

182 564 196 585 5
221 550 383 603 quando
417 550 500 592 iam
534 564 613 592 non
647 551 803 593 licebat
833 552 907 592 illa
940 552 1135 605 quamuis
1168 552 1366 594 inferiora
1399 552 1671 607 disrumpere.

134 616 158 655 9

96 2106 147 2148 10

160 917 191 941 10

157 1273 190 1299 15

152 1630 185 1654 20

149 1985 182 2012 25

279 620 471 672 Quodam
506 621 572 662 die
605 622 733 663 frater
765 622 869 672 eius,
909 635 1006 664 cum
1038 623 1120 663 iam
1155 623 1310 676 pariter
1340 624 1381 665 in
1416 624 1609 665 custodia
1642 628 1754 667 tene-

218 694 373 734 rentur.
413 692 471 733 ait
510 692 592 733 illi:
631 692 690 734 ‘Si
730 705 806 748 ego
846 693 948 735 haec
987 706 1060 746 pro
1099 693 1260 735 meritis
1306 694 1443 747 patior
1485 696 1753 747 peccatorum

218 775 421 814 meorum,
460 766 521 813 tu,
562 764 683 805 cuius
722 764 855 806 uitam
895 764 1091 806 nouimus
1130 766 1217 805 tam
1258 766 1417 806 attente
1456 765 1752 820 feruenterque

220 834 514 877 Christianam.
555 835 709 888 quibus
748 836 871 877 malis
911 835 1074 877 meritis
1115 836 1166 877 ad
1198 835 1282 877 ista
1320 836 1551 890 perductus
1587 839 1675 878 es?
1712 839 1755 878 at

217 904 306 947 ille:
358 905 636 956 ‘Paruumne',
687 906 838 960 inquit,
889 907 1005 947 ‘mihi
1057 906 1273 948 existimas
1326 907 1501 948 conferri
1546 906 1752 949 diuinitus

217 976 480 1027 beneficium,
533 977 568 1020 si
612 980 751 1019 tamen
796 978 876 1020 hoc
919 978 1213 1019 testimonium
1266 980 1386 1019 tuum
1432 978 1482 1019 de
1525 978 1615 1019 uita
1660 991 1751 1020 mea

216 1060 362 1088 uerum
397 1050 475 1099 est,
511 1052 558 1089 ut
588 1049 681 1092 hoc.
716 1048 827 1102 quod
860 1048 1009 1102 patior,
1045 1049 1172 1090 etiam
1202 1048 1237 1090 si
1264 1061 1398 1102 usque
1425 1048 1476 1090 ad
1504 1049 1750 1091 effusionem

216 1118 432 1172 sanguinis
466 1119 613 1172 patiar.
646 1119 705 1160 ibi
738 1132 831 1160 mea
862 1121 1035 1173 peccata
1066 1119 1293 1173 puniantur
1325 1132 1398 1161 nec
1431 1119 1535 1161 mihi
1562 1119 1613 1160 ad
1640 1120 1749 1161 futu-

214 1203 305 1231 rum
334 1189 537 1231 iudicium
565 1191 877 1231 reseruenturi²²
908 1190 975 1231 hic
1008 1191 1115 1231 forte
1143 1190 1298 1243 aliquis
1327 1190 1468 1232 credat
1495 1203 1589 1231 eum
1618 1190 1751 1232 fuisse

216 1261 295 1302 sibi
329 1261 544 1303 conscium
578 1261 816 1314 aliquorum
850 1262 1114 1303 occultorum
1153 1261 1427 1314 inpudicitiae
1466 1263 1750 1314 peccatorum.

214 1332 350 1373 dicam
383 1345 496 1387 ergo,
536 1332 635 1386 quid
674 1345 739 1373 me
779 1332 974 1373 dominus
1014 1332 1117 1374 deus
1157 1332 1208 1373 ad
1241 1344 1437 1387 magnam
1478 1345 1615 1373 meam
1655 1344 1750 1374 con-

214 1404 463 1446 solationem
498 1417 544 1444 ex
578 1404 668 1444 eius
703 1416 772 1444 ore
805 1403 949 1444 audire
978 1406 1019 1444 et
1045 1404 1166 1456 plane
1202 1403 1309 1444 scire
1344 1403 1540 1445 uoluerit.
1575 1416 1668 1444 cum
1699 1402 1749 1444 de

213 1474 290 1516 hoc
323 1474 429 1528 ipso,
464 1478 513 1516 ut
545 1476 643 1516 sunt
674 1475 867 1523 humana,
909 1473 1119 1515 sollicitus
1154 1475 1270 1515 solus
1311 1486 1405 1515 cum
1446 1474 1535 1516 solo
1575 1486 1742 1528 agerem

210 1545 293 1586 iam
325 1546 365 1586 in
400 1546 544 1587 eadem
577 1545 769 1587 custodia
801 1545 1045 1593 constituto,
1074 1558 1124 1586 ne
1152 1545 1252 1599 quid
1286 1547 1411 1595 esset,
1445 1544 1555 1586 unde
1586 1545 1743 1586 maiore

211 1619 253 1658 et
287 1617 518 1671 insigniore
557 1616 812 1670 paenitentia
851 1615 975 1657 deum
1014 1616 1095 1657 sibi
1138 1616 1302 1670 placare
1342 1615 1525 1664 deberet,
1569 1615 1656 1665 ille,
1694 1618 1743 1656 ut

211 1690 299 1728 erat
336 1686 612 1728 uerecundiae
657 1686 900 1742 singularis,
947 1699 1041 1728 cum
1086 1687 1221 1741 ipsam
1266 1686 1367 1728 licet
1410 1687 1558 1728 falsam
1604 1698 1740 1727 meam

210 1757 490 1812 suspicionem
513 1757 792 1807 erubesceret,
814 1757 887 1798 sed
909 1757 1236 1799 admonitionem
1257 1757 1498 1811 gratissime
1520 1757 1740 1810 acciperet,

210 1828 398 1870 modeste
425 1829 692 1883 grauiterque
720 1828 942 1870 subridens
964 1831 1006 1870 et
1025 1830 1202 1882 utraque
1227 1840 1352 1870 manu
1371 1841 1508 1870 meam
1530 1827 1739 1869 dexteram

209 1899 543 1952 adprehendens:
588 1899 777 1950 ‘Test0r'‚
823 1899 972 1952 inquit,
1017 1900 1305 1951 ‘sacramenta,
1357 1910 1463 1953 quae
1513 1911 1586 1952 per
1634 1898 1740 1939 hanc

208 1971 439 2012 offeruntur
457 1983 642 2020 manum,
659 1983 724 2011 me
746 1970 910 2011 nullum
931 1973 1147 2023 expertum
1170 1982 1262 2012 esse
1284 1969 1557 2012 concubitum
1577 1972 1738 2023 praeter

208 2054 376 2083 uxorem
407 2054 481 2083 nec
516 2044 610 2083 ante
642 2053 716 2082 nec
747 2044 922 2094 postea'.

267 2111 377 2164 Quid
404 2125 501 2167 ergo
528 2112 626 2154 huic
646 2113 685 2153 in
707 2115 841 2154 morte
869 2113 1021 2154 accidit
1047 2112 1148 2153 mali
1169 2125 1214 2153 30
1239 2125 1318 2153 non
1346 2112 1488 2166 potius
1508 2111 1735 2165 plurimum

206 2182 317 2233 boni,
357 2196 450 2225 cum
486 2184 587 2225 haec
626 2184 785 2225 habens
826 2183 933 2225 dona
966 2183 1017 2224 ad
1051 2183 1281 2234 Christum,
1322 2182 1411 2224 sine
1445 2195 1527 2236 quo
1559 2181 1739 2224 inaniter

207 2253 425 2304 habentur,
459 2267 504 2295 ex
538 2254 615 2295 1130
649 2254 736 2295 uita
768 2254 986 2308 migrarit?
1021 2267 1126 2307 quae
1160 2254 1270 2307 apud
1296 2256 1337 2296 te
1370 2266 1451 2295 non
1485 2265 1736 2295 commemo-

256 2439 269 2472 1
300 2442 489 2473 contentus
523 2439 555 2472 V
649 2443 669 2474 δ
697 2451 853 2474 meorum
881 2451 960 2483 om„
987 2440 1026 2474 in
1054 2451 1165 2485 mary.
1194 2439 1280 2476 add.
1313 2440 1347 2475 U
1442 2439 1674 2484 fruenterquc
1702 2438 1739 2472 P

205 2497 480 2542 frequenterque
514 2497 586 2532 VL'
608 2498 682 2532 lsr
771 2500 813 2533 lo
841 2510 1013 2543 parumne
1040 2498 1142 2534 codd.
1171 2499 1217 2533 lr
1311 2500 1353 2534 13
1381 2501 1530 2543 peccata
1554 2509 1633 2532 mea
1667 2495 1737 2532 VU

205 2556 284 2590 edd.
351 2557 396 2591 22
423 2557 599 2602 reciperet
624 2557 658 2591 U
728 2559 773 2592 25
801 2559 998 2592 afferuntur
1025 2557 1098 2592 VU
1119 2558 1199 2593 edd.
1227 2560 1275 2601 (m
1301 2558 1342 2593 in
1368 2569 1501 2602 mara:
1528 2557 1550 2591 f.
1578 2557 1733 2590 offerun-

206 2620 276 2659 tur)
391 2627 467 2650 esse
495 2619 676 2661 expertum
711 2616 781 2650 VU
806 2616 886 2651 edd.
1008 2618 1051 2651 27
1080 2617 1162 2652 huic
1188 2617 1269 2660 omss,
1297 2629 1341 2651 m.
1370 2621 1388 2651 1
1414 2617 1500 2651 add.
1528 2616 1563 2650 1’
1677 2617 1731 2660 301

205 2673 270 2709 1130
295 2675 331 2708 P
425 2676 470 2709 28
498 2675 541 2709 ad
569 2675 766 2719 Christum}
796 2687 816 2710 a
842 2668 921 2721 xpm
949 2676 984 2710 P
1076 2677 1134 2723 ,29
1161 2688 1199 2710 ex
1228 2676 1293 2711 hac
1320 2677 1395 2722 uit-„-
1422 2675 1595 2719 magrarit
1622 2677 1681 2717 (m.
1709 2678 1734 2708 2

205 2733 382 2778 migrarit)
411 2734 446 2768 P
