1924 3122
199 221 254 261 92
675 217 708 250 S.
748 216 931 250 Aureli
969 216 1261 260 Augustini

198 347 440 397 resoluitur,
481 347 573 388 cibo
614 347 754 397 alitur,
795 359 938 387 omnes
979 346 1222 387 mortalium
1266 346 1394 387 sentit
1439 346 1614 387 affectus
1660 358 1734 387 nec

198 418 299 460 ullis
332 418 669 470 competentibus
705 417 835 471 signis
867 419 1009 458 tantae
1036 417 1271 458 maiestatis
1298 417 1453 458 indicia
1479 417 1732 463 clarescunt;

197 490 369 530 larualis
407 489 481 530 illa
520 489 731 542 purgatio,
772 488 975 529 debilium
1016 501 1151 538 curae,
1190 487 1353 529 reddita
1391 488 1479 529 uita
1524 488 1734 529 defunctis

197 560 314 610 haec,
343 560 378 601 si
406 562 447 600 et
473 560 578 601 alios
606 560 784 614 cogites,
814 559 889 601 deo
918 572 1047 613 parua
1074 562 1200 601 sunt‘.
1227 559 1534 601 interuenimus
1555 559 1734 601 ulterius

196 631 426 684 inquirenti
464 632 737 684 solutumque
777 633 1030 672 conuentum
1072 630 1122 671 ad
1161 630 1336 683 potioris
1376 630 1549 684 peritiae
1586 630 1735 672 merita
1779 646 1792 668 5

201 702 462 751 distulimus,
497 715 561 752 ne,
598 703 696 743 dum
729 702 942 743 incautius
983 705 1143 743 secreta
1183 704 1453 750 temerantur,
1487 702 1528 742 in
1567 703 1735 755 culpam

198 773 440 815 deflecteret
473 786 583 815 error
614 773 835 815 innocuus.
877 773 1093 826 accepisti,
1128 773 1192 814 uir
1228 773 1362 814 totius
1403 773 1560 827 gloriae
1593 785 1733 825 capax,

197 844 416 898 inperitiae
456 845 777 887 confessionem.
820 844 921 897 quid
962 857 984 885 a
1021 844 1212 897 partibus
1258 844 1413 885 uestris
1460 844 1734 894 desideretur,

199 916 410 969 agnoscis.
437 916 611 957 interest
639 916 771 957 famae
793 917 904 967 tuae,
926 918 974 956 ut
1002 916 1194 968 quaesita
1219 915 1476 958 nouerimus.
1504 918 1734 968 utcumque

198 987 356 1040 absque
390 986 641 1028 detrimento
677 987 818 1028 cultus
853 987 985 1028 diuini
1018 987 1059 1028 in
1093 986 1186 1028 aliis
1215 986 1504 1028 sacerdotibus
1531 986 1734 1027 toleratur
1761 1004 1794 1028 ιο

199 1057 381 1100 inscitia.
411 1062 453 1099 at
486 1072 580 1099 cum
616 1058 667 1099 ad
701 1059 938 1099 antistitem
963 1059 1254 1112 Augustinum
1280 1058 1461 1108 uenitur,
1488 1057 1570 1111 legi
1601 1057 1732 1107 deest,

198 1129 400 1182 quicquid
451 1130 675 1183 contigerit
724 1130 916 1184 ignorari.
960 1130 1214 1171 incolumem
1259 1128 1571 1170 uenerationem
1615 1131 1733 1169 tuam

198 1199 399 1241 diuinitas
428 1214 593 1242 summa
619 1203 801 1251 tueatur,
825 1200 991 1242 domine
1015 1213 1112 1242 uere
1141 1202 1283 1242 sancte
1312 1213 1358 1242 ac
1386 1200 1535 1241 merito
1563 1212 1733 1241 uenera-

199 1270 297 1312 bilis
331 1274 461 1325 pater.

322 1377 414 1410 4—7
444 1375 487 1410 cf.
516 1388 548 1421 p.
577 1377 634 1419 99,
663 1377 754 1411 1—4
827 1377 943 1411 8—12
972 1376 1014 1411 cf.
1042 1388 1075 1422 p.
1103 1377 1159 1412 99.
1187 1377 1301 1410 6—11

250 1457 265 1490 1
296 1457 388 1497 cino,
415 1469 459 1492 m.
489 1461 514 1492 2
540 1457 618 1492 cibo
646 1458 689 1492 K
807 1459 921 1492 sensit
945 1458 989 1493 K
1106 1459 1126 1492 2
1155 1459 1355 1492 clarescunt
1380 1460 1503 1491 tantae
1529 1457 1731 1491 maiestatis

199 1516 332 1550 inditia
357 1519 392 1560 (a
419 1528 461 1551 ex
488 1529 506 1551 0
533 1529 577 1552 m.
606 1520 644 1561 2>
674 1518 705 1552 G
729 1518 934 1552 claruerunt
960 1521 1061 1552 tante
1087 1518 1290 1552 maiestatis
1317 1517 1452 1551 indicia
1478 1516 1520 1550 K
1614 1517 1634 1550 3
1660 1516 1731 1550 lar-

196 1575 300 1616 baHs,
328 1587 400 1612 ras.
429 1577 578 1611 larualis
610 1577 681 1611 CK
702 1577 851 1612 larbalis
884 1578 954 1612 ΤΒ
979 1578 1130 1612 laruaris
1156 1578 1191 1611 A
1218 1577 1387 1621 quoniam
1411 1576 1559 1610 larualis
1584 1575 1620 1609 P
1650 1575 1729 1609 edd.

198 1646 241 1669 ex
259 1646 300 1678 p.
331 1637 389 1679 98,
417 1638 464 1670 13
562 1636 745 1679 deuilium,
773 1648 816 1673 m.
845 1640 864 1670 1
890 1648 981 1672 corr.
1010 1636 1181 1671 debilium
1212 1636 1242 1670 C
1325 1637 1347 1669 4
1373 1635 1460 1670 haec
1486 1646 1552 1669 om.
1578 1634 1659 1677 CP;
1684 1635 1729 1677 cf.

187 1705 228 1738 1).
261 1696 319 1738 98,
346 1697 393 1728 14
516 1698 552 1729 et
579 1696 608 1729 si
635 1698 670 1730 A
769 1700 805 1731 et
830 1697 871 1731 in
897 1708 972 1731 ras.
999 1697 1135 1740 (fuitne
1162 1696 1204 1730 ad
1221 1695 1253 1739 .9>
1279 1695 1318 1729 D
1421 1695 1513 1728 *alia
1544 1695 1573 1729 C
1597 1695 1668 1729 alia
1696 1694 1731 1727 B

195 1753 274 1787 edd.
295 1758 446 1797 praeter
470 1767 524 1797 m;
550 1756 595 1798 cf.
618 1767 656 1799 p.
688 1758 746 1792 98,
774 1759 821 1789 14
848 1760 879 1790 ct
905 1759 983 1796 114,
1012 1759 1050 1789 11
1074 1767 1147 1800 sqq.
1308 1754 1475 1800 cogitem*
1505 1757 1563 1796 (=
1592 1754 1728 1798 cogite-

194 1817 287 1855 mus)
314 1813 349 1846 P
452 1814 610 1858 alterius,
640 1826 682 1848 m.
711 1817 735 1848 2
761 1815 913 1849 ulterius
940 1817 974 1849 B
1098 1817 1117 1848 ὃ
1146 1815 1336 1858 solutoque
1363 1816 1542 1848 conuentu
1568 1813 1732 1847 DMKP

196 1871 276 1905 edd.
304 1872 495 1917 solutoque
523 1878 701 1907 conuento
729 1875 782 1916 A,·
808 1874 854 1918 cf.
877 1886 915 1918 p.
946 1876 1005 1917 99,
1034 1877 1054 1908 1
1152 1874 1319 1919 peritiam
1346 1874 1473 1907 merito
1504 1872 1534 1906 C
1624 1873 1642 1905 Τ
1670 1872 1724 1905 in-

197 1941 307 1965 nocus
339 1931 371 1965 T
394 1932 565 1966 innocuos
592 1932 641 1965 1³1
743 1934 865 1977 capax]
896 1937 932 1967 et
958 1945 1025 1979 pax
1051 1935 1109 1976 (m.
1132 1936 1156 1968 2
1182 1933 1295 1977 pacis)
1315 1933 1350 1966 B
1424 1932 1444 1966 ὅ
1472 1932 1616 1970 uestris,
1637 1943 1681 1964 m.
1705 1934 1728 1964 2

194 2001 310 2034 supra
336 1991 409 2024 tuis
436 1991 484 2024 M
579 1991 815 2037 desideratur,
843 2005 885 2027 m.
915 1996 940 2027 2
968 1993 1191 2027 desideretur
1211 1992 1259 2026 JI
1321 1993 1341 2026 9
1369 2003 1561 2036 agnoscam
1588 1991 1728 2025 interea

196 2048 313 2083 famae
339 2053 423 2084 tuae
452 2052 507 2084 est
534 2054 575 2085 ut
605 2051 635 2085 C
731 2063 799 2096 que
827 2052 874 2086 sit
901 2053 1154 2096 agnouerimus
1185 2051 1265 2085 TP1
1291 2059 1396 2095 (corr.
1425 2051 1591 2095 quaesita
1616 2061 1726 2084 noue-

191 2109 314 2152 rimus)
348 2112 477 2155 questa
512 2111 716 2145 nouerimus
744 2112 782 2145 D
928 2112 1135 2156 utcumque]
1171 2111 1265 2156 quod
1299 2113 1492 2154 utcumque
1525 2109 1600 2143 KP
1632 2109 1726 2154 quod

192 2178 269 2201 cum
308 2167 351 2210 C‚·
384 2169 428 2212 cf.
455 2181 494 2213 p.
531 2171 590 2213 99,
626 2173 650 2204 8
774 2171 816 2205 10
855 2171 892 2204 in
932 2171 1012 2205 aliis
1051 2170 1298 2205 sacerdotibus
1338 2170 1473 2214 absque
1509 2168 1724 2202 detrimento

192 2227 309 2260 cultus
337 2227 452 2261 diuini
481 2228 510 2262 C
607 2229 722 2263 diuini
750 2230 867 2264 cultus
902 2231 967 2264 ΤΡ
991 2231 1118 2275 (siquis
1145 2233 1251 2273 corr.)
1279 2229 1327 2263 P¹
1403 2230 1442 2263 11
1472 2228 1664 2262 inscientia
1691 2228 1725 2260 A

240 2285 285 2319 ad
316 2286 382 2320 TC
407 2289 465 2328 (m.
494 2290 518 2321 2
545 2289 596 2322 at)
738 2290 967 2334 augustinum
995 2291 1020 2333 (i
1047 2301 1090 2324 esc
1115 2291 1152 2325 sn
1179 2290 1216 2324 D
1355 2290 1488 2328 unitur,
1515 2299 1560 2323 m.
1587 2290 1606 2321 1
1632 2298 1724 2323 corr.

190 2346 336 2378 uenitur
355 2345 387 2379 T
452 2350 537 2389 post
558 2348 631 2391 legi
651 2359 695 2382 m.
718 2351 737 2381 1
755 2359 782 2382 s.
803 2360 838 2382 u.
862 2349 948 2383 add.
966 2348 1023 2382 dei
1048 2349 1080 2383 T
1129 2350 1170 2383 12
1186 2348 1405 2391 contingerit
1419 2349 1528 2391 (post.
1544 2358 1566 2380 n
1582 2348 1674 2390 emp.)
1690 2347 1724 2380 A

239 2404 397 2448 ignorari
419 2409 455 2439 et
475 2405 694 2451 subscriptio
717 2408 930 2442 incolomem
944 2409 1026 2442 MA
1040 2409 1199 2453 ignorari
1220 2407 1435 2452 subscriptio
1456 2407 1671 2440 incolumem
1690 2406 1725 2439 P

190 2463 356 2508 ignorare
384 2467 419 2498 et
447 2465 518 2498 alia
544 2477 652 2499 manu
678 2467 893 2501 incolumem
915 2467 959 2501 K
979 2468 1149 2512 ignorari.
1173 2467 1300 2501 domna
1320 2470 1436 2500 mater
1456 2466 1555 2510 large
1576 2465 1720 2500 salutat.

191 2522 238 2557 da
258 2523 398 2557 ueniam
419 2525 617 2558 temeritati
639 2536 744 2569 quam
764 2526 841 2570 ipse
864 2537 939 2560 esse
960 2527 1112 2560 inssisti.
1134 2529 1168 2560 te
1192 2526 1374 2560 dominum
1391 2536 1507 2559 meum
1523 2524 1721 2569 possidium

192 2594 268 2617 cum
285 2584 372 2617 meis
387 2594 547 2618 ueneror.
562 2585 775 2619 incolomem
793 2585 1002 2630 Oignorari.
1017 2586 1177 2631 Explicit
1192 2586 1371 2620 uolusiani
1386 2587 1517 2628 (cetera
1534 2585 1675 2626 desunt)
1688 2583 1721 2616 B

238 2642 439 2676 incolumen
464 2642 496 2676 T
547 2645 588 2677 13
610 2646 763 2688 summa]
787 2647 935 2678 aeterna
957 2646 985 2678 (J
1058 2652 1232 2680 teneatur.
1255 2656 1346 2680 corr.
1362 2646 1421 2689 (m.
1438 2647 1456 2677 1
1471 2643 1502 2686 .9)
1517 2646 1663 2677 tueatur
1675 2642 1723 2676 M

239 2711 321 2733 uere
348 2711 414 2734 om.
445 2700 475 2734 C
570 2702 698 2737 merito
726 2714 793 2738 om.
821 2703 863 2736 K
936 2704 977 2737 14
1005 2705 1121 2748 pater]
1151 2715 1279 2748 parens
1303 2702 1424 2737 TDP¹
1452 2704 1563 2747 pater.
1590 2701 1721 2735 domna

190 2765 306 2792 mater
331 2759 432 2803 larga
458 2761 558 2803 (sicl)
585 2761 731 2797 salutat.
760 2762 805 2796 da
832 2762 973 2797 ueniam
1000 2763 1199 2797 temeritati
1225 2774 1330 2806 quam
1362 2763 1439 2807 ipse
1467 2772 1543 2795 esse
1570 2760 1719 2794 iussisti.

190 2823 226 2851 te
260 2817 429 2852 domnum
456 2830 572 2853 meum
600 2820 767 2864 possideo
797 2831 854 2855 (m.
883 2825 901 2854 1
927 2833 1018 2856 corr.
1047 2821 1259 2867 possidium)
1288 2833 1365 2855 cum
1394 2822 1481 2855 meis
1508 2831 1656 2854 ueneror
1681 2818 1724 2852 K
