1952 3118
54 461 164 503 X23

171 978 204 1002 10

175 1333 206 1358 15

712 192 1060 238 epistularum
1101 191 1272 227 CXLVII.
1669 194 1753 236 297

231 323 323 365 dam
358 324 530 379 angelis,
565 336 587 364 a
619 323 737 365 nobis
770 326 911 365 autem
943 327 1044 365 tunc
1075 323 1135 364 ita
1166 322 1393 364 uidebitur.
1434 335 1528 364 eum
1562 322 1623 364 eis
1656 321 1755 364 facti

228 395 431 436 fuerimus
465 395 676 448 aequales,

290 466 449 507 Deinde
483 478 578 507 eum
611 465 857 516 addidisset,
895 466 993 519 quia
1025 478 1102 508 nec
1134 467 1368 519 potestates
1402 465 1611 506 caelorum
1645 464 1756 506 sicut

230 536 444 589 Seraphin.
466 536 547 576 nisi
568 548 662 577 cum
690 535 841 577 uolunt
868 538 909 576 et
935 548 1060 588 quem
1084 535 1135 577 ad
1155 536 1328 576 modum
1354 537 1518 580 uolunt,
1545 535 1756 579 uidentur.

229 610 277 649 ut
314 607 410 648 hinc
447 606 572 648 etiam
612 606 884 656 coniceretur‚
925 608 1079 659 quanta
1119 607 1175 648 sit
1217 606 1492 648 inuisibilitas
1535 606 1756 648 trinitatis:

228 677 425 727 ‘Tamen’,
457 677 606 730 inquit.
639 677 733 719 ‘etsi
766 679 957 731 potestas
990 690 1070 718 non
1106 680 1170 719 est
1196 677 1380 722 uidendi.
1414 679 1480 718 est
1506 677 1640 730 gratia
1666 689 1755 730 pro-

228 748 428 797 merendi,
474 752 522 790 ut
559 749 702 790 uidere
745 748 975 801 possimus.
1018 751 1059 790 et
1101 748 1210 799 ideo,
1257 748 1327 802 qui
1371 748 1521 790 habuit
1564 748 1756 802 gratiam.

228 820 383 862 meruit
414 820 598 873 copiam:
631 832 705 861 nos
739 819 902 873 copiam
935 832 1015 861 non
1050 832 1270 869 meremur,
1304 819 1403 873 quia
1434 819 1559 860 deum
1586 818 1756 859 uidendi

229 891 406 946 gratiam
438 905 516 932 non
551 891 782 932 habemus‘.
817 890 882 931 his
915 891 1060 944 utique
1093 891 1247 939 uerbis,
1288 891 1360 944 qui
1398 904 1477 932 non
1511 903 1587 931 sua
1620 890 1755 932 docet.

229 962 302 1004 sed
330 963 597 1016 euangelium
626 962 805 1016 exponit,
840 974 919 1003 non
946 962 1026 1003 hoc
1050 962 1192 1003 uoluit
1216 961 1420 1016 intellegi,
1449 961 1560 1015 quod
1587 961 1754 1014 quidam

229 1046 372 1075 eorum
413 1033 619 1074 uidebunt
655 1033 794 1082 deum,
841 1032 1011 1086 quidam
1056 1045 1156 1074 uero
1200 1045 1280 1074 non
1331 1032 1551 1081 uidebunt‚
1603 1032 1757 1085 quibus

230 1104 496 1145 credentibus
542 1103 680 1145 dedit
723 1106 1030 1157 potestatem
1075 1103 1216 1145 filios
1262 1103 1342 1145 dei
1393 1103 1519 1154 fieri,
1565 1116 1659 1144 cum
1706 1103 1756 1143 ad

230 1189 301 1217 eos
347 1188 491 1217 omnes
537 1175 756 1228 pertineat,
803 1175 914 1228 quod
960 1175 1119 1216 dictum
1166 1178 1249 1216 est:
1302 1175 1596 1217 Videbimus
1649 1187 1753 1215 eum

232 1247 386 1288 sicuti
420 1250 508 1295 est,
543 1246 615 1287 sed
643 1246 817 1287 dicendo
844 1247 933 1287 ‘nos
961 1246 1124 1299 copiam
1151 1259 1230 1287 non
1258 1259 1478 1295 meremur,
1507 1246 1604 1299 quia
1631 1245 1755 1286 deum

232 1317 403 1359 uidendi
435 1317 613 1372 gratiam
645 1329 724 1358 non
758 1317 978 1358 habemus'
1009 1317 1059 1359 de
1092 1317 1171 1358 hoc
1204 1317 1371 1359 saeculo
1405 1331 1449 1359 se
1481 1317 1598 1370 loqui
1630 1317 1757 1372 signi-

231 1388 388 1432 ficauit.
427 1388 501 1429 ubi
539 1388 789 1441 quibusdam
832 1388 934 1429 deus
973 1388 1075 1430 lieet
1111 1401 1190 1430 non
1224 1389 1263 1429 in
1301 1402 1376 1430 sua
1407 1391 1568 1437 natura,
1608 1388 1681 1429 sed
1717 1388 1755 1429 in

232 1473 313 1513 qua
346 1459 483 1501 uoluit·
515 1460 667 1513 specie,
702 1459 898 1514 dignatus
932 1462 997 1501 est
1028 1473 1224 1513 apparere
1265 1460 1377 1502 sieut
1407 1459 1612 1508 Abrahae,
1646 1460 1758 1501 sicut

232 1531 378 1572 Esaiae
405 1531 583 1584 aliisque
610 1530 842 1578 similibus3
870 1531 1018 1572 ceteris
1046 1543 1144 1572 uero
1165 1531 1542 1572 innumerabilibus
1563 1529 1756 1583 quamuis

231 1602 281 1642 ad
314 1615 437 1643 suum
471 1601 674 1655 populum
702 1603 743 1642 et
769 1601 1043 1642 hereditatem
1072 1604 1281 1643 aeternam
1309 1601 1618 1655 pertinentibus
1644 1601 1758 1642 nulla

171 1689 188 1714 ‘2
231 1673 300 1715 uel
338 1673 412 1714 tali
452 1673 592 1727 specie
632 1686 676 1714 se
716 1673 989 1714 demonstrat.
1028 1673 1068 1714 in
1101 1673 1242 1714 futuro
1285 1675 1427 1714 autem
1465 1672 1648 1720 saeculo,
1688 1671 1757 1724 qui

229 1757 404 1798 regnum
444 1744 655 1797 accepturi
694 1746 806 1793 sunt,
845 1744 956 1797 quod
995 1744 1054 1785 eis
1095 1744 1144 1785 ab
1183 1744 1302 1786 initio
1341 1747 1632 1797 praeparatum
1679 1746 1757 1785 est.

232 1828 375 1857 omnes
408 1828 502 1856 eum
537 1815 659 1856 corde
694 1815 848 1856 mundo
882 1815 1086 1856 uidebunt
1110 1827 1186 1856 nee
1213 1816 1251 1856 in
1280 1815 1352 1856 illo
1379 1827 1506 1869 regno
1539 1814 1619 1855 nisi
1651 1814 1757 1854 tales

232 1888 364 1927 erunt.

351 2074 460 2113 6—9;
490 2075 628 2108 14-15
657 2091 699 2103 =
726 2087 760 2119 p.
787 2075 868 2115 291,
895 2075 988 2109 3-6
1090 2075 1128 2109 11
1158 2075 1234 2109 Ioh.
1264 2075 1294 2119 1,
1318 2075 1360 2109 12
1461 2075 1503 2109 13
1531 2074 1546 2108 1
1573 2074 1648 2108 Ioll.
1676 2074 1709 2112 3,
1736 2073 1757 2107 ‘2

236 2134 276 2167 17
305 2133 475 2194 Genu-1,
506 2136 540 2173 1;
570 2134 626 2168 Es.
653 2136 686 2171 6.
716 2135 731 2169 1
808 2135 850 2169 21
882 2135 1011 2169 Matth.
1039 2135 1095 2173 25.
1123 2135 1168 2169 34
1749 2155 1751 2157 -

284 2262 298 2295 1
329 2262 380 2295 ita
405 2272 472 2296 om.
504 2261 605 2295 TOL
630 2262 702 2296 »ita
727 2263 821 2306 (fuit
847 2267 879 2304 c)
907 2263 946 2296 H
1085 2262 1228 2297 uidetur
1257 2263 1301 2297 H
1436 2274 1514 2298 cum
1543 2264 1640 2297 laeso
1658 2262 1759 2306 solio

228 2320 410 2364 perditum
444 2322 474 2354 ()
570 2322 601 2355 ei
634 2320 663 2354 O
735 2323 757 2355 4
784 2322 962 2366 seraphim
993 2322 1022 2356 O
1047 2322 1170 2364 flr⁷n
1244 2323 1265 2356 6
1292 2322 1376 2366 etsil
1405 2324 1441 2356 et
1467 2322 1514 2357 M
1586 2322 1604 2355 7
1632 2320 1758 2359 uideri..

234 2390 278 2414 m.
306 2381 331 2412 2
355 2378 402 2422 (Ρ)
429 2391 519 2414 corr.
548 2380 669 2415 uidere
700 2382 729 2416 Ο
843 2382 865 2415 8
892 2380 1039 2415 uidendi
1065 2381 1170 2415 deum
1202 2380 1232 2416 O
1353 2383 1373 2416 9
1399 2382 1521 2426 itaque
1553 2380 1653 2415 TOL
1680 2380 1759 2414 edd.

281 2439 366 2483 quia
391 2439 469 2474 edd.
547 2440 588 2473 10
614 2439 672 2474 hic
699 2440 733 2474 P
808 2441 845 2474 11
876 2439 1061 2481 uidebant,
1087 2451 1132 2476 m.
1160 2443 1178 2474 1
1203 2451 1293 2475 corr.
1322 2440 1496 2475 uidebunt
1521 2440 1569 2475 M
1641 2446 1758 2474 autem

241 2496 341 2532 TOL
434 2499 475 2532 13
503 2509 626 2532 omnes
652 2509 732 2542 om.,
760 2511 802 2533 m..
830 2502 849 2532 1
876 2499 962 2534 add.
991 2500 1025 2532 A
1120 2501 1162 2534 14
1189 2500 1272 2545 quia
1298 2499 1445 2534 uidendi
1471 2499 1576 2533 deum
1607 2499 1672 2533 TL
1699 2498 1759 2543 qui

236 2555 404 2590 audiendi
431 2556 548 2594 deum.
575 2569 618 2591 m.
646 2560 672 2591 2
698 2558 781 2602 quia.
807 2557 952 2592 uidendi
979 2557 1084 2592 deum
1116 2558 1146 2592 O
1275 2559 1317 2593 15
1344 2570 1380 2593 se
1407 2559 1521 2603 loqui]
1548 2559 1608 2603 qui
1636 2586 1643 2593 .
1669 2570 1714 2592 m.
1743 2560 1760 2591 1

239 2615 285 2655 (12)
311 2625 400 2651 corr.
422 2616 521 2660 loqui
542 2628 598 2650 sei
620 2617 668 2651 Μ
718 2618 759 2651 16
786 2617 834 2651 ibi
855 2617 901 2651 M
952 2618 993 2651 17
1022 2621 1077 2651 est
1103 2629 1183 2660 om„
1209 2609 1253 2654 ηιξ
1272 2621 1291 2652 1
1318 2618 1403 2653 add.
1426 2618 1469 2651 H
1518 2619 1559 2652 18
1586 2617 1701 2652 esaias
1723 2617 1765 2651 H

241 2674 282 2707 19
309 2678 344 2708 et
370 2674 414 2709 acl
441 2676 679 2710 hereditatem
711 2676 776 2711 TO
896 2680 1082 2718 aeternam
1105 2687 1172 2711 om.
1206 2677 1307 2712 TOL
1429 2678 1474 2712 20
1501 2688 1537 2711 se
1564 2687 1643 2715 om..
1669 2688 1715 2712 m.
1743 2679 1761 2710 1

238 2733 322 2767 aad.
349 2734 388 2768 F
459 2735 502 2768 22
529 2735 661 2769 mundo
689 2735 794 2770 corde
826 2735 927 2769 ΤΗΙ,
955 2736 1059 2770 corde
1085 2739 1167 2780 (om.
1195 2736 1341 2779 mundo)
1368 2737 1402 2771 P
1497 2737 1533 2770 in
1560 2748 1627 2770 om.
1659 2735 1759 2770 Tel,

237 2793 337 2834 (add.
364 2805 407 2827 m.
436 2796 473 2833 2)
571 2794 618 2833 ni,
645 2806 689 2828 m.
717 2796 742 2828 2
768 2795 835 2828 nisi
869 2794 900 2828 T
