1952 3118
55 1010 88 1036 10

57 1365 88 1390 1⁵

55 1720 89 1747 20

627 230 980 275 epistularum
1019 229 1140 266 CLIX.
1560 234 1642 274 501

115 360 211 410 iste,
244 359 355 413 quod
388 372 483 401 eum
510 359 615 400 bene
647 359 853 412 pleneque
887 361 1170 413 cognosceret.
1202 361 1293 400 tum
1320 360 1392 402 ille
1419 360 1645 414 quaesiuit,

117 430 189 472 ubi
221 443 265 472 se
298 433 456 472 nosset.
494 441 569 471 nec
601 429 827 471 memoriae
867 429 1012 480 defuit,
1053 429 1153 483 quid
1198 430 1279 472 iste
1324 431 1555 474 identidem
1587 445 1647 473 re-

117 501 354 555 sponderet,
388 502 610 555 totumque
643 500 785 542 uisum
831 500 953 541 illum
998 500 1260 554 hymnosque
1301 504 1556 552 sanctorum,
1596 502 1647 543 ad

117 586 221 626 quos
248 572 478 614 audiendos
500 585 548 614 eo
569 571 675 613 duce
695 573 880 622 uenerat,
907 584 990 625 qua
1009 571 1325 614 recentissimos
1351 572 1649 615 recordabatur

115 643 332 692 facilitate,
382 642 581 684 narrauit.
632 642 699 684 hic
750 641 820 683 ille
865 644 1135 695 percontatus
1181 646 1259 693 est,
1305 646 1547 685 utrumnam
1589 644 1646 690 id.

115 714 227 767 quod
259 715 511 764 narrauerat,
544 714 585 755 in
613 713 771 755 somnis
799 712 980 754 uidisset
1006 726 1054 755 an
1084 713 1285 768 uigilans3
1320 714 1552 768 respondit:
1587 715 1646 756 ‘In

115 785 302 827 somnis'.
337 788 379 826 at
410 785 499 826 ille:
532 785 685 834 ‘Bene',
719 784 869 837 inquit,
903 784 1085 834 ‘recolis3
1119 797 1266 826 uerum
1300 787 1378 835 est,
1412 785 1453 826 in
1487 785 1647 828 somnis

113 856 186 897 illa
222 856 390 904 uidisti;
431 855 505 898 sed
543 855 669 897 etiam
709 868 818 897 nunc
855 855 896 896 in
936 855 1094 897 somnis
1133 857 1175 897 te
1208 855 1352 897 uidere
1392 856 1530 898 scies'.
1569 856 1647 897 hoc

114 940 210 969 cum
260 927 452 968 audisset
499 926 595 975 iste,
646 926 706 967 ita
755 939 848 968 esse
899 926 1077 968 credidit
1121 928 1246 979 atque
1289 926 1332 969 id
1374 926 1647 980 responsione

113 997 309 1039 finnauit.
343 999 458 1047 tunc,
492 998 563 1050 qui
596 997 809 1039 hominem
843 997 1034 1048 docebat,
1076 997 1231 1039 adiecit
1264 1000 1305 1039 et
1337 997 1414 1039 ait:
1453 996 1550 1040 ‘Ubi
1582 999 1648 1039 est

114 1068 238 1110 modo
265 1081 416 1122 corpus
442 1069 612 1110 tuum?
635 1068 706 1109 ille
733 1068 970 1122 respondit:
1004 1069 1063 1109 ‘In
1093 1068 1288 1110 cubiculo
1316 1073 1438 1110 meo'.
1465 1068 1645 1119 ‘scisne',

114 1137 252 1192 inquit
277 1139 363 1189 ille,
389 1140 444 1180 ‘in
473 1139 620 1181 eodem
648 1139 900 1192 corpusculo
928 1152 1038 1180 nunc
1066 1151 1157 1180 esse
1183 1139 1382 1193 inligatos
1410 1141 1453 1180 et
1479 1139 1646 1181 clausos

114 1211 156 1250 et
199 1209 360 1251 otiosos
405 1209 550 1251 oculos
594 1211 692 1250 tuos
737 1208 927 1262 nihilque
964 1209 1052 1251 illis
1097 1209 1232 1251 oculis
1271 1212 1312 1251 te
1352 1209 1540 1251 uidere?'
1584 1221 1646 1250 re-

114 1279 301 1334 spondit:
332 1276 470 1322 ‘Scio'.
502 1283 603 1322 tunc
634 1280 726 1321 ille:
761 1278 855 1331 ‘Qui
891 1282 990 1321 sunt
1028 1285 1156 1334 ergo’,
1196 1281 1347 1334 inquit,
1395 1280 1480 1322 ‘isti
1519 1280 1646 1330 oculi,

114 1351 266 1404 quibus
293 1363 359 1392 me
384 1351 550 1393 uides?
579 1350 629 1392 ad
655 1351 734 1392 hoc
761 1351 842 1392 iste
869 1364 949 1393 non
975 1351 1206 1401 inueniens,
1234 1351 1336 1404 quid
1362 1351 1646 1406 responderet,

113 1421 305 1464 obticuit.
345 1422 414 1464 cui
445 1422 672 1464 haesitanti
702 1422 789 1474 ille,
824 1422 935 1475 quod
967 1422 1033 1464 his
1064 1422 1466 1476 interrogationibus
1499 1421 1646 1463 docere

113 1493 380 1544 moliebatur,
406 1493 571 1546 aperuit
591 1495 632 1535 et
658 1493 873 1535 continuo:
902 1492 1064 1544 ‘Sicut'‚
1091 1493 1242 1547 inquit,
1268 1493 1344 1535 ‘illi
1371 1493 1483 1536 oculi
1509 1492 1644 1534 carnis

113 1567 210 1606 tuae
244 1565 391 1618 utique
418 1565 459 1606 in
487 1564 720 1606 dormiente
748 1566 874 1618 atque
900 1564 941 1606 in
968 1564 1126 1606 lectulo
1158 1564 1321 1606 iacente
1353 1576 1464 1605 nunc
1494 1565 1647 1605 uacant

114 1647 189 1677 nec
220 1635 380 1690 aliquid
412 1638 637 1690 operantur
669 1638 711 1677 et
741 1638 882 1677 tamen
922 1638 1021 1677 sunt
1057 1635 1143 1684 isti,
1183 1635 1336 1689 quibus
1369 1647 1435 1676 me
1466 1634 1644 1676 intueris

115 1710 157 1748 et
186 1706 269 1748 ista
300 1706 432 1748 uteris
472 1706 650 1757 uisione,
689 1706 762 1756 ita,
803 1719 898 1748 cum
938 1706 1160 1748 defunctus
1199 1706 1344 1756 fueris,
1382 1705 1489 1747 nihil
1523 1717 1647 1760 agen—

114 1778 229 1820 tibus
268 1778 402 1820 oculis
442 1778 576 1820 carnis
615 1780 713 1819 tuae
752 1778 842 1819 uita
880 1778 959 1819 tibi
996 1778 1135 1828 inerit,
1175 1790 1256 1832 qua
1294 1777 1432 1828 uiuas,
1472 1789 1644 1819 sensus-

116 1862 210 1902 que,
262 1861 343 1902 quo
395 1848 566 1891 sentias.
624 1861 725 1890 caue
782 1849 865 1889 iam
924 1849 1134 1902 deinceps,
1190 1861 1240 1890 ne
1297 1848 1466 1891 dubites
1510 1847 1643 1889 uitam

115 1932 281 1961 manere
332 1922 429 1974 post
472 1922 680 1962 mortem’.
731 1919 792 1962 ita
844 1920 924 1961 sibi
976 1920 1098 1962 homo
1138 1919 1275 1961 fidelis
1319 1920 1503 1961 ablatam
1541 1918 1645 1960 dicit

166 2118 180 2152 1
210 2117 387 2162 planeque
421 2116 494 2151 VH
509 2117 638 2160 slrm
736 2119 820 2151 tunc
847 2116 926 2151 edd.
983 2117 1004 2151 2
1030 2116 1246 2162 identidem]
1274 2116 1369 2151 idem
1396 2115 1447 2151 P²
1506 2116 1527 2151 3
1553 2116 1639 2150 illud

116 2176 193 2210 edd.
290 2177 312 2210 4
340 2187 419 2221 qua,
447 2188 489 2210 ηι.
519 2179 544 2210 2
569 2186 657 2221 quas
683 2176 719 2210 P
743 2187 823 2221 qua,
852 2188 894 2210 m.
921 2179 940 2209 1
966 2186 1057 2212 corr.
1085 2177 1169 2221 quia
1194 2175 1243 2210 Ρ1
1348 2175 1567 2210 rectissimos
1594 2175 1641 2209 P¹

115 2235 391 2277 recentissimos,
419 2247 463 2271 m.
490 2237 515 2269 2
540 2233 589 2279 (ἓ)
615 2246 706 2270 corr.
733 2235 980 2270 recentissima
1005 2235 1035 2270 S
1122 2236 1143 2269 5
1169 2235 1338 2270 narnauit
1363 2235 1399 2269 P
1493 2245 1641 2280 percon-

114 2297 224 2335 tatus,
249 2306 293 2329 m.
322 2296 347 2329 2
372 2298 623 2339 percunctatus
650 2294 685 2327 P
710 2297 950 2339 percontatus.
977 2306 1021 2328 m.
1050 2297 1075 2328 2
1099 2296 1333 2339 percuntatus
1360 2293 1409 2329 Ρ1
1501 2294 1521 2327 6
1548 2304 1639 2327 soni-

115 2353 184 2387 niis
216 2353 249 2387 V
289 2363 298 2369 ’
368 2355 387 2388 7
415 2354 562 2388 somniis
595 2353 629 2387 V
770 2355 822 2398 at}
857 2356 897 2387 ut
922 2353 970 2387 Ρι
1006 2357 1064 2396 (m.
1091 2356 1110 2387 1
1137 2352 1157 2387 ,9
1187 2364 1278 2389 corr.
1313 2355 1364 2396 at)
1390 2353 1422 2388 S
1450 2358 1509 2395 (m.
1538 2355 1563 2386 2
1589 2353 1640 2394 et)

116 2412 136 2446 8
162 2413 262 2450 scies.
290 2424 334 2447 m.
361 2416 379 2447 1
403 2412 451 2455 (?)
478 2423 566 2448 corr.
595 2413 687 2447 scias
713 2412 794 2447 P¹S
818 2413 908 2447 scias
943 2412 975 2446 V
998 2412 1077 2447 edd.
1194 2412 1282 2447 haec
1307 2412 1450 2457 Sflm
1475 2412 1533 2446 hic
1561 2415 1638 2446 cett.

116 2471 193 2506 edd.
269 2474 289 2506 9
316 2472 469 2506 uidisset
496 2472 576 2506 P¹S
598 2475 656 2514 (m.
683 2474 709 2506 2
735 2472 909 2513 audisset)
942 2471 974 2505 V
996 2475 1100 2514 (corr.
1129 2472 1303 2514 audisset)
1414 2472 1482 2505 iste
1510 2482 1576 2505 om.
1612 2469 1644 2503 V

117 2529 187 2565 ista
213 2543 234 2565 (ι
251 2542 299 2566 er
467 2542 544 2566 esse
571 2531 739 2566 credidit
766 2531 859 2574 (suit
886 2531 921 2573 d)
957 2531 989 2565 V
1011 2534 1106 2566 esset
1132 2532 1162 2576 (t
1187 2534 1281 2576 exp.)
1306 2531 1463 2565 reddidit
1487 2529 1536 2565 P¹
1563 2540 1640 2564 esse

117 2589 274 2624 reddidit
299 2589 330 2625 S
424 2591 549 2634 utique
576 2589 623 2624 Ρι
650 2601 708 2633 ψη.
737 2594 754 2624 1
781 2590 800 2624 ζ)
826 2601 916 2625 corr.
944 2593 1067 2635 atque)
1095 2590 1125 2626 S
1146 2594 1206 2634 (m.
1233 2593 1258 2625 2
1284 2594 1406 2635 atque)
1466 2590 1509 2624 10
1536 2589 1638 2623 doce-

118 2648 191 2688 bat,
218 2661 260 2683 m.
289 2652 315 2683 2
340 2649 493 2683 ducebat
519 2651 547 2684 S
572 2649 727 2684 ducebat
753 2649 826 2683 VII
850 2660 954 2684 =co›·›·.
982 2649 1148 2691 docebat)
1202 2650 1242 2683 12
1270 2649 1430 2693 illigatos
1458 2659 1534 2682 esse
1560 2648 1638 2682 edd.

164 2708 349 2752 inligatus,
375 2720 420 2742 m.
449 2711 467 2741 1
493 2719 582 2742 corr.
610 2709 782 2753 inligatos
808 2708 856 2742 P¹
884 2708 1035 2754 alligato
1069 2709 1101 2742 V
1186 2704 1227 2742 14
1256 2720 1344 2754 quae
1379 2707 1411 2741 V
1502 2709 1542 2742 16
1569 2707 1637 2752 his]

118 2765 152 2800 in
178 2765 251 2800 illis
278 2765 328 2800 1²²
403 2767 444 2800 17
472 2766 524 2801 illi
552 2767 676 2811 inquid
703 2766 753 2800 P2
828 2767 869 2801 18
897 2769 1044 2811 uaeunt,
1068 2779 1112 2801 m.
1140 2769 1166 2801 2
1192 2769 1321 2801 uacant
1347 2766 1395 2800 P²
1475 2766 1519 2800 22
1547 2765 1638 2800 diui-

118 2827 172 2859 tes
197 2825 245 2859 Ρι
271 2828 328 2868 (m.
359 2828 383 2860 2
409 2826 491 2868 del.)
519 2827 547 2860 S
572 2829 630 2865 (m.
660 2829 684 2860 2
710 2826 865 2870 dubites)
940 2827 984 2861 23
1011 2829 1177 2871 mortem]
1203 2830 1352 2861 mortem
1380 2825 1522 2860 dubites
1549 2826 1595 2860 Ρι
