1924 3122
138 982 170 1006 10

135 1336 168 1362 15

682 197 1037 243 epistularum
1078 197 1268 233 CXXXVI.
1681 202 1736 242 95

205 329 307 371 deus
341 340 434 370 esse
466 327 670 377 firmatur,
704 326 857 381 spretis
891 327 1107 369 ueteribus
1148 327 1367 369 sacrificiis
1407 327 1641 370 delectatus
1681 329 1737 370 sit

202 400 338 442 nouis.
371 399 476 440 nihil
509 398 619 440 enim
652 398 805 452 corrigi
837 411 961 452 posse
995 398 1229 448 adserebat,
1262 398 1343 440 nisi
1377 399 1487 453 quod
1526 402 1620 441 ante
1652 400 1735 442 fac-

201 474 292 512 turn
326 483 406 512 non
438 472 552 512 recte
591 469 849 523 probaretur,
883 470 967 518 uel,
1001 469 1112 522 quod
1153 471 1283 511 semel
1321 473 1431 512 recte
1471 470 1631 512 factum
1664 472 1734 521 sit,

201 542 400 583 inmutari
431 541 672 582 nullatenus
706 540 916 582 debuisse.
949 545 1059 582 recte
1093 541 1203 582 enim
1235 541 1347 582 facta
1379 541 1545 584 dicebat
1581 543 1736 584 mutari

202 614 283 655 nisi
315 613 471 654 iniuste
505 625 585 653 non
620 624 759 665 posse,
787 612 965 653 maxime
994 612 1091 665 quia
1122 612 1206 653 ista
1237 612 1404 653 uanitas
1430 612 1735 655 inconstantiae

201 684 326 725 deum
359 683 498 738 possit
530 695 716 737 arguere,
743 685 835 724 tum
869 682 1017 724 deinde
1051 682 1163 736 quod
1196 683 1286 724 eius
1319 683 1575 737 praedic-atio
1609 687 1734 738 atque

200 754 388 796 doctrina
420 754 479 795 rei
511 753 706 807 publicae
735 753 922 795 moribus
949 753 1064 795 nulla
1091 766 1138 795 ex
1164 756 1280 807 parte
1308 754 1544 803 conueniat,
1572 758 1720 810 utpote

199 826 327 868 sicuti
354 838 377 867 a
403 825 550 866 multis
585 825 753 875 dicitur,
782 825 904 867 cuius
937 824 1016 866 hoc
1050 827 1215 867 constat
1248 838 1341 867 esse
1374 829 1660 879 praeceptum.
1688 830 1735 867 ut

198 898 302 939 nulli
335 898 494 938 malum
528 908 600 950 pro
632 896 743 937 malo
777 895 948 938 reddere
982 896 1209 938 debeamus
1243 899 1285 937 et
1323 896 1575 950 percutienti
1607 896 1733 938 aliam

196 969 394 1022 praebere
428 967 641 1008 maxillam
675 969 717 1009 et
748 967 923 1021 pallium
958 967 1053 1009 dare
1086 967 1274 1009 tunicam
1306 967 1454 1009 tollere
1488 967 1733 1022 persistenti

196 1044 238 1081 et
264 1052 359 1081 cum
388 1052 450 1089 eo,
478 1038 549 1092 qui
577 1051 652 1080 nos
680 1038 894 1094 angariare
923 1038 1116 1085 uoluerit,
1143 1038 1202 1079 ire
1230 1038 1379 1080 debere
1407 1039 1544 1091 spatio
1570 1039 1731 1080 itineris

196 1110 425 1164 duplicato.
460 1122 564 1162 quae
598 1109 738 1150 omnia
770 1110 829 1150 rei
861 1109 1056 1164 publicae
1088 1109 1276 1151 moribus
1310 1109 1467 1151 adserit
1506 1122 1597 1152 esse
1637 1123 1731 1152 con-

194 1181 332 1223 traria.
376 1194 471 1222 nam
517 1180 610 1234 quis
661 1180 755 1222 tolli
805 1180 887 1222 sibi
938 1181 987 1222 ab
1040 1181 1162 1222 hoste
1213 1180 1374 1234 aliquid
1424 1182 1609 1234 patiatur
1661 1181 1730 1222 uel

194 1252 405 1294 Romanae
450 1251 690 1305 prouinciae
736 1251 1024 1306 depraedatori
1068 1264 1148 1293 non
1194 1251 1304 1292 mala
1347 1251 1453 1293 uelit
1497 1251 1597 1293 belli
1641 1252 1730 1294 iure

193 1326 417 1377 reponere?
470 1328 511 1365 et
561 1325 710 1372 cetera,
757 1336 861 1377 quae
906 1323 988 1365 dici
1032 1323 1083 1365 ad
1132 1323 1294 1377 reliqua
1347 1336 1470 1377 posse
1521 1323 1731 1378 intellegit

193 1395 490 1437 uenerabilitas
523 1398 608 1436 tua.
640 1395 742 1436 haec
782 1407 880 1449 ergo
921 1395 1060 1436 omnia
1098 1394 1181 1449 ipsi
1218 1407 1344 1448 posse
1381 1394 1501 1448 iungi
1533 1395 1729 1436 aestimat

193 1466 429 1519 quaestioni
460 1466 501 1507 in
534 1469 714 1514 tantum,
747 1472 795 1507 ut
821 1479 894 1519 per
921 1465 1181 1508 Christianos
1209 1466 1418 1520 principes
1446 1465 1727 1508 Christianam

191 1538 436 1591 religionem
468 1537 649 1579 maxima
682 1550 728 1578 ex
760 1540 877 1591 parte
911 1539 1129 1579 seruantes
1162 1539 1294 1586 tanta,
1323 1537 1449 1578 etiam
1483 1537 1519 1579 si
1552 1537 1641 1590 ipse
1676 1536 1724 1578 de

191 1609 268 1650 hac
300 1612 415 1662 parte
449 1611 599 1655 taceat,
632 1609 690 1650 rei
730 1608 924 1663 publicae
964 1610 1074 1650 mala
1112 1608 1304 1650 euenisse
1343 1608 1616 1650 manifestum
1655 1608 1724 1649 sit.

310 1748 426 1783 6—15
455 1763 498 1775 =
525 1759 559 1793 p.
588 1747 666 1787 133,
697 1747 835 1782 14—22
910 1747 930 1782 8
958 1747 1059 1782 Rom.
1090 1747 1143 1792 12,
1174 1747 1235 1789 17;
1263 1747 1394 1783 Matth.
1421 1748 1453 1787 5,
1480 1748 1619 1782 39—41

242 1831 256 1864 1
286 1830 452 1865 sacrificii
483 1830 515 1864 T
658 1834 714 1864 est
744 1829 932 1865 MACPR
964 1830 1063 1872 edd.,·
1095 1831 1141 1874 cf.
1170 1842 1208 1874 p.
1243 1832 1329 1874 127,
1359 1832 1382 1864 9
1502 1830 1523 1864 2
1551 1830 1654 1864 nonis
1688 1830 1718 1863 T

191 1892 212 1925 3
238 1890 311 1934 uel]
341 1889 442 1929 ut,T
536 1890 558 1923 4
585 1889 761 1924 inmutare
789 1889 863 1923 ET
976 1890 1197 1934 nullatenus]
1226 1890 1407 1924 ullatenus
1435 1901 1505 1924 non
1532 1889 1722 1924 MACPR

190 1949 288 1990 edd.;
315 1949 360 1993 cs.
385 1960 421 1992 p.
450 1950 533 1989 127,
561 1950 600 1982 11
722 1951 742 1983 5
771 1949 925 1990 uanitas,
954 1960 1044 1985 corr.
1071 1952 1131 1991 (m.
1160 1948 1224 1992 1?)
1253 1950 1411 1983 uarietas
1437 1949 1486 1983 M
1507 1949 1664 1983 uarietas
1696 1950 1724 1982 C

190 2009 283 2042 lrm
356 2008 377 2042 6
403 1999 493 2041 (iffi
508 2007 589 2042 MA
689 2007 792 2042 einde
825 2007 857 2042 T
929 2009 948 2043 7
976 2012 1104 2054 utpute
1125 2009 1165 2043 E
1187 2009 1246 2054 (m.
1274 2011 1300 2043 2
1325 2011 1467 2053 utpote)
1501 2008 1533 2042 T
1580 2008 1600 2042 8
1628 2008 1721 2041 sicut

188 2067 268 2101 edd.
379 2078 399 2100 a
419 2078 485 2101 om.
507 2067 542 2100 P
653 2069 796 2100 constat
823 2068 914 2111 esse]
942 2070 1084 2102 constet
1108 2066 1298 2102 MACPR
1324 2067 1424 2110 edd.;
1449 2067 1495 2111 cf.
1512 2078 1548 2112 p.
1570 2069 1653 2107 133,
1675 2068 1721 2100 16

188 2128 208 2161 9
236 2126 378 2167 malom,
405 2137 449 2159 m.
476 2129 517 2159 ut
544 2125 621 2160 uid.
648 2129 666 2159 1
692 2136 782 2160 corr.
809 2126 942 2160 malum
969 2127 1007 2161 Ε
1103 2127 1286 2167 debemus,
1312 2137 1355 2161 m.
1379 2129 1404 2160 2
1429 2126 1623 2160 debeamus
1642 2125 1723 2161 MP

189 2185 359 2220 debemus
386 2186 419 2219 A
565 2185 744 2219 maxillam
775 2184 946 2230 praebere
974 2185 1080 2219 aliam
1107 2185 1143 2221 R
1267 2186 1310 2220 10
1337 2188 1374 2220 et
1400 2186 1565 2231 pallium]
1595 2185 1717 2219 allium

186 2245 308 2289 spatio
330 2247 428 2278 3-4
451 2244 472 2277 Ζ.
496 2248 581 2279 ante
608 2244 731 2278 relicto
765 2244 796 2278 T
861 2244 1070 2289 persistenti
1096 2245 1256 2279 tunicam
1283 2244 1412 2279 tollere
1439 2244 1518 2279 edd.
1586 2245 1717 2281 tonice.

186 2315 232 2338 m.
259 2307 298 2336 ut
324 2303 400 2337 uid.
428 2306 445 2336 1
472 2314 562 2338 corr.
589 2303 710 2337 tunice
737 2303 776 2337 E
799 2304 942 2338 tonicae
968 2305 1088 2348 spatio
1114 2306 1210 2338 1—-2
1236 2304 1259 2339 l.
1282 2307 1367 2348 post
1392 2304 1517 2338 relicto
1549 2303 1581 2338 T
1662 2315 1715 2337 rv-

187 2362 331 2396 sistenti
363 2362 395 2396 T
494 2363 535 2396 12
562 2361 768 2408 duplaeato,
794 2374 839 2397 m.
867 2364 892 2396 2
918 2362 1100 2408 duplicato
1126 2363 1175 2397 M
1293 2363 1426 2408 pullice
1451 2363 1490 2398 E
1589 2364 1629 2398 13
1657 2362 1716 2406 qui

186 2421 284 2455 stolii
314 2421 345 2454 (J
486 2421 567 2456 tolli
594 2421 678 2466 sibi]
705 2421 759 2456 illi
786 2422 847 2466 qui
873 2433 918 2456 m.
947 2424 982 2465 2,
1015 2422 1129 2466 fuisse
1154 2422 1230 2456 uid.
1258 2423 1339 2457 tolli
1366 2422 1435 2457 sibi
1463 2422 1501 2456 E
1523 2423 1604 2457 tolli
1632 2432 1713 2465 (om.

186 2481 269 2523 sibi)
297 2480 344 2515 M
435 2481 477 2515 14
504 2492 647 2515 romane
675 2483 704 2525 (r
730 2492 774 2515 ex
799 2492 889 2516 corr.
919 2493 961 2515 m.
990 2484 1027 2525 2)
1054 2482 1092 2516 E
1187 2481 1416 2526 depredaturi
1444 2482 1482 2515 E
1507 2480 1713 2526 depraedat*

186 2543 245 2582 (=
273 2539 527 2585 depraedatur)
560 2540 591 2574 T
686 2541 790 2575 uellit
817 2541 893 2576 ET
916 2541 1028 2584 uelut,
1055 2553 1099 2576 m.
1127 2544 1145 2575 1
1172 2546 1263 2576 corr.
1291 2542 1381 2576 uelit
1407 2542 1440 2575 A
1526 2542 1566 2575 15
1595 2546 1714 2585 posset

189 2598 219 2633 C
248 2600 361 2643 possit
388 2599 435 2633 M
459 2609 517 2641 (nm.
553 2602 570 2633 1
604 2611 694 2634 corr.
729 2600 883 2646 possint)
911 2601 943 2635 A
1027 2641 1032 2648 4
1070 2603 1110 2636 16
1145 2600 1293 2646 adiungi
1327 2600 1515 2635 MACPR
1541 2600 1639 2640 edd.,·
1666 2600 1712 2642 cf.

177 2686 218 2719 Ρ.
247 2677 307 2716 94,
335 2678 382 2710 16
502 2677 654 2711 aestima
683 2677 749 2713 GR
775 2677 927 2712 aestimo
949 2677 996 2712 Μ
1077 2678 1117 2712 17
1145 2678 1356 2723 quaestione
1391 2678 1422 2712 T
1517 2688 1583 2721 pen
1613 2688 1655 2712 m.
1679 2680 1711 2715 ,2,

175 2734 297 2778 sui-sse
321 2735 398 2769 uid.
426 2747 488 2780 per
513 2735 552 2769 E
669 2737 886 2771 christianus
918 2736 950 2770 T
1078 2737 1119 2770 18
1147 2736 1193 2781 si]
1222 2748 1260 2771 se
1286 2737 1360 2771 ET
1479 2736 1548 2781 ipsi
1575 2735 1618 2770 de
1645 2736 1711 2769 hac

185 2796 286 2837 parte
313 2796 437 2828 tacent
463 2793 498 2828 R
