1952 3118
142 924 172 946 10

138 1280 171 1304 15

716 140 1067 185 epistularum
1108 139 1227 175 CXLI.
1647 143 1732 183 245

202 284 293 312 nam
335 272 376 311 et
420 269 604 311 ordinem
651 269 873 310 consulum
913 271 954 310 et
999 269 1174 317 dierum,
1215 269 1287 322 qui
1333 268 1464 323 gestis
1511 282 1732 323 expressus

202 344 279 390 est,
300 341 335 382 si
358 341 451 394 quis
480 352 589 382 nunc
615 340 838 394 diligenter
857 339 1062 389 aduertat,
1083 340 1272 381 inueniet
1290 340 1424 394 primo
1447 339 1732 382 Caecilianum

201 412 429 467 episcopali
474 411 630 453 iudicio
676 411 808 452 fuisse
854 414 1092 465 purgatum.
1138 411 1286 452 deinde
1331 424 1410 452 non
1457 411 1591 452 multo
1635 414 1735 464 post

199 484 353 526 Felicis
398 481 684 537 Aptungensis
731 494 858 524 causa
901 482 951 523 ab
991 481 1164 523 Aeliano
1210 482 1456 535 proconsule
1501 481 1733 523 examinata

201 558 277 605 est,
306 554 377 596 ubi
411 567 505 595 eum
541 553 732 595 constitit
762 553 1039 595 innocentem.
1068 553 1107 593 in
1142 565 1223 605 qua
1250 565 1376 593 causa
1404 553 1454 593 ad
1482 552 1731 594 comitatum

200 626 312 667 mitti
344 625 486 666 iussus
515 625 735 679 Ingentius
770 627 812 666 et
842 625 967 678 longe
1001 626 1147 676 postea
1179 624 1270 678 ipse
1303 624 1529 678 imperator
1561 637 1732 666 causam

199 698 306 738 inter
332 698 470 750 partes
505 696 706 750 cognouit
736 698 862 749 atque
895 695 1043 736 finiuit.
1076 695 1116 736 in
1152 708 1232 748 qua
1266 695 1506 750 cognitione
1535 695 1731 737 Caecilia-

199 782 297 809 num
343 768 606 809 innocentem
651 766 748 808 illos
793 768 934 807 autem
981 766 1388 808 calumniosissimos
1427 766 1646 808 iudicauit.
1692 767 1732 807 in

192 851 279 891 quo
315 838 457 879 ordine
491 838 712 880 consulum
747 839 789 879 et
820 837 982 879 dierum
1019 837 1121 878 satis
1157 837 1392 879 ostenditur
1423 837 1630 878 fallaciter
1662 850 1732 879 eos

200 913 241 951 et
279 910 537 951 calumniose
583 909 751 958 dixisse,
791 908 903 962 quod
947 908 1173 962 imperator
1218 908 1348 950 misso
1393 908 1444 948 ad
1483 908 1732 950 comitatum

198 981 388 1035 Ingentio
421 980 625 1022 iudicium
667 993 792 1021 suum
830 981 1014 1021 mutauit
1046 982 1088 1020 et
1121 980 1418 1027 Caecilianum,
1452 992 1575 1033 quem
1615 979 1732 1032 prius

199 1054 466 1106 purgauerat,
506 1054 653 1105 postea
691 1050 1002 1092 condemnauit.
1047 1063 1126 1092 non
1174 1051 1313 1092 solum
1351 1053 1491 1092 autem
1538 1050 1642 1091 nihil
1681 1049 1731 1091 de

199 1124 274 1164 hac
308 1135 349 1164 re
377 1123 514 1176 legere
548 1124 777 1176 potuerunt
810 1124 851 1163 et
879 1124 1021 1163 contra
1055 1135 1098 1163 se
1130 1123 1247 1177 ipsos
1280 1123 1397 1162 tanta
1427 1121 1630 1176 legerunt,
1657 1121 1731 1162 sed

198 1195 323 1236 etiam
368 1207 441 1247 per
486 1194 671 1236 ordinem
723 1193 945 1235 consulum
997 1193 1235 1235 euidentius
1288 1193 1593 1234 conuincuntur
1635 1194 1732 1245 post

198 1279 369 1307 oausam
395 1265 550 1306 Felicis
578 1264 863 1318 proconsulari
896 1264 1053 1306 iudicio
1086 1264 1364 1315 terminatam,
1390 1264 1430 1305 in
1458 1277 1540 1317 qua
1564 1264 1730 1304 iussum

198 1339 275 1388 est,
314 1339 362 1378 ut
401 1336 451 1377 ad
492 1336 740 1378 comitatum
779 1336 997 1391 Ingentius
1037 1336 1287 1381 mitteretur.
1328 1347 1402 1376 nec
1435 1347 1564 1388 paruo
1606 1334 1729 1375 inter-

197 1408 309 1449 uallo
356 1407 430 1449 sed
472 1408 597 1461 longe
642 1410 790 1461 postea
834 1406 1052 1448 memorati
1103 1406 1367 1459 imperatoris
1417 1405 1572 1447 iudicio
1622 1405 1732 1446 inter

196 1482 335 1532 partes
368 1478 511 1520 habito
547 1477 829 1520 Caecilianum
861 1477 995 1519 fuisse
1027 1482 1264 1532 purgatum.

256 1550 348 1591 Non
389 1562 487 1604 ergo
528 1549 649 1590 uobis
684 1549 835 1598 dicant,
870 1549 968 1601 quia
1005 1549 1190 1601 praemio
1230 1548 1491 1602 corrupimus
1530 1546 1727 1588 iudicem.

138 1635 159 1657 2·
197 1621 298 1674 quid
337 1621 445 1661 enim
486 1620 601 1661 aliud
641 1620 778 1660 solent
810 1619 914 1661 uicti
953 1619 1143 1661 homines
1183 1619 1348 1660 dicere?
1388 1620 1462 1660 aut
1493 1618 1528 1659 si
1568 1617 1730 1670 aliquid

197 1692 388 1733 dedimus
427 1691 571 1732 iudici.
606 1692 654 1731 ut
692 1693 833 1731 contra
871 1690 967 1731 illos
1007 1702 1081 1742 pro
1122 1689 1242 1731 nobis
1281 1688 1584 1743 pronuntiaret,
1622 1687 1728 1742 ipsis

196 1763 297 1816 quid
324 1762 531 1812 dedimus,
552 1765 601 1803 ut
628 1763 771 1804 contra
798 1775 841 1803 se
867 1774 940 1814 pro
970 1761 1087 1803 nobis
1114 1763 1231 1802 tanta
1258 1773 1337 1802 non
1365 1761 1502 1802 solum
1531 1759 1727 1807 dicerent,

194 1847 340 1875 uerum
387 1834 512 1875 etiam
558 1833 809 1875 recitarent?
855 1846 902 1874 an
950 1832 1056 1874 forte
1100 1832 1263 1882 uolunt,
1309 1835 1356 1872 ut
1400 1831 1460 1873 eis
1505 1830 1615 1885 apud
1648 1843 1727 1871 uos

196 1905 351 1960 gratias
391 1917 579 1959 agamus,
622 1903 732 1957 quia,
772 1916 866 1944 cum
910 1903 1050 1944 dicant
1092 1902 1275 1944 iudicem
1320 1902 1504 1956 praemio
1545 1914 1567 1942 a
1605 1901 1726 1942 nobis

135 1995 150 2010 ο
195 1989 286 2018 esse
320 1977 576 2029 corruptum.
610 1975 691 2028 ipsi
722 1976 862 2015 tamen
901 1974 1049 2021 multa,
1084 1986 1189 2027 quae
1228 1985 1301 2027 pro
1341 1972 1460 2014 nobis
1500 1973 1643 2013 contra
1682 1984 1726 2012 se

245 2151 259 2184 1
290 2149 413 2183 ordine
440 2148 524 2182 311²
606 2150 626 2182 3
655 2151 890 2193 expurgatum
919 2147 954 2182 R
1046 2148 1066 2181 4
1095 2147 1354 2192 aptugenensis
1381 2147 1416 2180 P
1511 2146 1554 2180 ab
1582 2157 1648 2180 om.
1676 2145 1723 2178 P¹

242 2209 384 2243 heliano
406 2207 576 2242 MFAP¹
597 2207 675 2242 edd.
697 2210 847 2251 praeter
867 2218 899 2241 m
926 2206 1042 2240 alieno
1063 2206 1099 2241 R
1150 2207 1169 2240 5
1191 2217 1298 2240 causa
1319 2210 1373 2240 est
1401 2205 1445 2239 ad
1465 2205 1500 2239 P
1548 2206 1568 2238 6
1590 2205 1721 2247 iussus!

195 2269 311 2302 iussus
339 2274 393 2301 est
420 2267 466 2301 M
490 2267 570 2301 edd.
647 2268 772 2311 postea
798 2276 865 2300 om.
893 2266 927 2299 P
952 2277 972 2299 a
999 2268 1124 2310 postea
1151 2265 1190 2299 F
1253 2268 1273 2299 «δ’
1299 2265 1335 2298 in
1363 2276 1510 2309 quorum
1539 2263 1721 2298 consulum

195 2327 318 2361 ordine
345 2327 381 2362 R
479 2327 500 2360 9
527 2326 688 2360 ostendit
716 2326 749 2359 A
857 2326 894 2358 11
927 2324 1036 2370 prius]
1066 2325 1179 2370 primo
1205 2324 1241 2358 P
1339 2324 1381 2358 1‘2
1409 2324 1543 2367 autem]
1571 2322 1662 2356 enim
1693 2322 1726 2354 P

198 2388 239 2421 113
275 2398 310 2420 re
347 2386 505 2430 relegere
543 2389 737 2430 potuerunt
772 2385 806 2418 P
839 2396 874 2418 re
912 2387 1108 2428 potuerunt
1141 2384 1260 2428 legere
1296 2383 1332 2418 R
1456 2384 1498 2416 15
1534 2392 1721 2426 proconso-

195 2446 259 2480 lari
287 2446 322 2479 P
418 2446 452 2479 in
481 2457 549 2489 qua
577 2449 612 2478 et
639 2445 772 2478 iussum
801 2444 836 2477 P
934 2444 974 2488 16
1004 2445 1058 2489 ut]
1087 2447 1133 2484 et,
1159 2455 1203 2478 m.
1230 2446 1250 2477 1
1276 2453 1366 2478 corr.
1396 2445 1434 2476 ut
1454 2442 1489 2475 P
1587 2440 1627 2473 17
1656 2440 1721 2472 im-

195 2505 360 2550 peratori,
396 2517 440 2539 m.
466 2507 491 2538 2
523 2504 748 2549 imperatoris
774 2503 822 2537 Ρ1
973 2503 1012 2537 18
1046 2502 1289 2545 caecilianoin,
1322 2514 1366 2537 m.
1394 2505 1412 2535 1
1438 2511 1527 2535 corr.
1556 2499 1720 2533 caecilia-

195 2576 276 2599 num
303 2565 341 2598 F
449 2565 491 2597 19
518 2563 632 2607 uobis,
660 2575 703 2597 m.
731 2566 749 2597 1
772 2574 889 2607 supra
915 2563 930 2596 l
957 2562 1059 2597 nobis
1087 2562 1123 2598 R
1231 2561 1452 2606 corripimus,
1481 2572 1522 2593 m.
1553 2562 1576 2592 2
1603 2568 1721 2592 corm-

194 2624 309 2668 pimus
337 2623 371 2657 P
396 2623 652 2667 corrumpimus
678 2623 797 2657 ΓΑΡ1
830 2630 902 2666 (pr.
930 2633 963 2655 ni
990 2633 1034 2655 m.
1063 2624 1087 2655 2
1113 2621 1196 2663 (lez.)
1224 2620 1260 2655 R
1357 2620 1402 2654 20
1429 2619 1537 2662 enini}
1567 2628 1649 2662 ergo
1677 2616 1723 2650 M

194 2683 238 2716 ‘23
266 2670 458 2717 recitarent
481 2685 537 2723 (x
567 2693 672 2724 eras.)
699 2681 747 2716 Ρ1
906 2693 968 2715 nos
996 2682 1028 2714 „vl
1058 2673 1063 2682 ’
1169 2681 1213 2715 ‘25
1248 2680 1358 2714 fuisse
1384 2679 1419 2713 R
1582 2676 1718 2718 tamen}

194 2747 267 2775 tam
295 2742 328 2775 1’
345 2741 396 2784 sl
412 2752 429 2774 r
446 2753 477 2774 m
