1952 3118
29 1889 34 1948 i

28 2032 34 2084 l

26 2108 33 2260 Ξ

24 2313 32 2411 2

8 2462 31 2560 >f

24 2943 29 2972 -·
25 2893 29 2911 -.
22 2726 29 2877 Η-κ-ι
24 2638 29 2710 ..a—u
24 2606 29 2622 f-

0 2902 28 3118 m

51 762 75 803 8

627 202 981 246 epistularum
1022 203 1174 238 CLXVI.
1569 207 1651 248 571

131 330 381 385 cupantibus
420 330 652 372 animarum
690 331 825 373 turbis
864 332 957 386 ipsa
994 333 1109 374 aliud
1147 346 1225 374 non
1265 333 1428 376 inuenit
1466 337 1508 376 et
1545 335 1660 377 sicut

129 403 170 444 iu
202 401 444 455 spectaculo
477 402 616 454 aliquo
650 402 788 443 locum
822 403 881 444 ita
913 416 1090 452 carnem,
1124 417 1203 446 non
1239 417 1364 458 quam
1397 407 1548 456 uoluit,
1582 406 1658 448 sed

131 485 254 527 quam
287 472 435 522 ualuit,
469 473 723 526 occupauit?
762 474 967 526 numquid
1000 475 1101 516 haec
1134 479 1179 516 et
1208 475 1309 516 talia
1341 475 1476 517 dicere
1509 489 1657 530 possu-

130 555 224 585 mus
267 542 337 584 uel
384 543 538 584 sentire
582 543 816 585 debemus?
862 544 963 586 doce
1008 545 1152 599 igitur,
1198 546 1298 599 quid
1342 547 1509 596 sentire,
1556 547 1657 601 quid

91 629 108 655 ο
131 614 266 656 dicere
305 614 548 663 debeamus,
587 616 635 655 ut
674 617 840 656 constet
878 615 998 656 nobis
1036 616 1142 658 ratio
1182 629 1386 658 nouarum
1424 618 1657 659 animarum

133 684 310 738 singulis
343 684 589 737 corporibus
622 684 956 739 singillatimque
988 687 1205 728 factarum.

190 756 278 809 Ego
311 755 478 808 quidem
512 768 591 796 non
626 756 676 797 de
708 756 887 810 ingeniis
920 757 994 798 sed
1027 757 1176 798 saltem
1212 757 1262 799 de
1287 758 1432 812 poenis
1465 759 1657 811 paruulo-

131 840 237 875 rum,
277 839 381 879 quas
420 826 461 867 in
500 827 577 868 hac
618 827 709 868 uita
748 827 980 881 patiuntur,
1021 827 1103 868 dixi
1143 828 1302 881 aliquid
1341 828 1381 869 in
1421 829 1538 870 libris
1571 830 1658 871 illis

132 897 181 939 de
212 897 343 938 libero
383 897 569 939 arbitrio.
610 898 721 951 quod
761 899 883 951 quale
918 899 974 940 sit
1006 902 1048 939 et
1080 911 1154 940 cur
1186 899 1290 940 mihi
1323 899 1362 940 in
1398 900 1492 949 ista,
1532 913 1657 953 quam

82 968 331 1010 nhabemus
356 968 397 1009 in
425 968 632 1019 manibus,
660 969 905 1022 quaestione
933 982 1011 1011 non
1040 970 1238 1019 sufficiat,
1265 970 1467 1011 intimabo
1495 974 1537 1012 et
1563 984 1658 1012 eum

129 1039 267 1093 ipsum
308 1039 357 1081 de
394 1040 519 1081 tertio
557 1040 663 1081 libro
702 1040 843 1082 locum
883 1043 1122 1094 secerptum
1166 1040 1232 1082 his
1271 1040 1425 1082 litteris
1463 1041 1658 1083 inseram.

131 1123 224 1151 nam
269 1111 328 1151 ita
372 1123 416 1151 se
455 1111 599 1152 habet:
646 1111 722 1152 ‘De
767 1110 1023 1152 cruciatibus
1070 1114 1211 1152 autem
1257 1112 1457 1165 corporis,
1504 1112 1658 1165 quibus

132 1180 377 1235 affliguntur
412 1181 593 1235 paruuli.
639 1194 817 1234 quorum
856 1194 930 1235 per
966 1183 1145 1223 aetatem
1186 1182 1302 1223 nulla
1338 1184 1511 1236 peccata
1548 1188 1660 1232 sunt,

133 1252 170 1294 si
206 1251 380 1303 animae,
420 1252 575 1305 quibus
614 1252 864 1302 animantur,
911 1265 990 1293 non
1030 1253 1146 1306 prius
1187 1266 1310 1306 quam
1350 1253 1430 1306 ipsi
1470 1253 1660 1294 homines

133 1335 225 1366 esse
251 1326 491 1377 coeperunt,
526 1323 659 1365 maior
685 1324 854 1377 querela
880 1325 922 1364 et
948 1323 1068 1376 quasi
1095 1324 1331 1365 misericors
1360 1323 1510 1377 deponi
1538 1324 1660 1367 solet.

253 1499 377 1543 12—p.
404 1499 484 1540 573,
510 1499 531 1532 4
559 1497 602 1532 de
629 1498 690 1532 lib.
718 1498 792 1532 arb.
820 1498 874 1532 III
901 1499 946 1533 68

182 1606 198 1638 l
226 1605 421 1639 animarum
450 1608 540 1647 (rum
568 1618 611 1639 m.
641 1607 666 1639 2
693 1606 731 1640 in
757 1607 845 1648 ras.)
872 1605 914 1638 K
997 1604 1094 1638 aliud
1123 1608 1158 1646 (a
1183 1616 1228 1638 m.
1256 1607 1293 1648 2)
1322 1604 1368 1638 Μ
1439 1607 1475 1638 et
1500 1615 1567 1638 om.
1598 1603 1663 1636 HI

134 1664 155 1698 2
181 1663 214 1698 in
241 1665 488 1709 exspectaculo
515 1664 550 1699 R
646 1665 736 1701 loco.
762 1676 806 1698 m.
835 1668 853 1698 1
878 1674 967 1698 corr.
996 1664 1111 1698 locum
1134 1663 1219 1697 ΡΡ3
1315 1675 1385 1697 non
1413 1662 1530 1707 quam]
1558 1673 1659 1696 num-

135 1733 237 1768 quam
261 1722 311 1757 Ρι
337 1729 529 1768 numquam
557 1730 627 1765 (um
655 1735 700 1757 m.
727 1727 752 1758 2
778 1724 861 1768 del.)
892 1723 925 1757 G
999 1723 1020 1757 3
1052 1722 1179 1767 ualuit]
1208 1722 1325 1757 uoluit
1350 1722 1376 1755 Ι
1399 1722 1537 1760 maluit.
1564 1733 1608 1755 m.
1635 1723 1662 1754 2

135 1782 248 1817 ualuit
275 1783 308 1817 G
429 1783 602 1828 numquid
620 1783 688 1817 sslf!
713 1783 848 1827 (fuisse
873 1782 948 1816 uid.
976 1782 1099 1827 haec),
1130 1782 1218 1815 haec
1244 1781 1291 1815 M
1386 1781 1458 1814 alia
1484 1780 1661 1814 BHIRG

146 1889 150 1893 ⁶
181 1841 312 1887 dicere]
334 1843 391 1877 uel
412 1843 528 1877 dicere
544 1842 726 1877 HPSIP³
742 1842 820 1876 edd.
877 1844 899 1876 4
920 1841 1114 1875 debeamus
1136 1844 1171 1883 (a
1191 1841 1273 1883 del.)
1288 1840 1318 1875 S
1389 1839 1476 1874 doce
1490 1856 1505 1872 a
1527 1840 1662 1883 (fuitne

136 1895 158 1964 ἐ
184 1918 216 1961 ,9)
243 1919 278 1954 Α
373 1920 487 1965 igitur
513 1920 607 1965 quod
636 1926 696 1957 (m.
725 1922 750 1953 2
776 1919 875 1964 quid)
903 1919 943 1952 K
1016 1920 1036 1950 ε’)
1063 1918 1235 1952 debemus
1261 1918 1296 1952 B
1394 1921 1549 1957 constat,
1577 1928 1621 1950 m.
1643 1918 1661 1949 1

135 1989 224 2014 corr.
250 1981 392 2013 constet
421 1979 454 2013 G
574 1979 666 2013 ratio
694 1978 866 2012 nouarion
895 1978 994 2019 (sicli
1031 1977 1063 2010 V
1088 1977 1317 2011 ratiocinatio
1346 1987 1430 2010 uera
1459 1976 1489 2009 (J
1584 1975 1660 2009 ani-

135 2047 267 2072 marum
293 2049 360 2073 om.
387 2039 413 2072 I
459 2038 480 2072 6
500 2038 786 2082 singillatimque
814 2037 989 2071 factarum
1017 2037 1169 2081 singulis
1197 2035 1404 2080 corporibus
1431 2034 1511 2068 edri.
1586 2034 1659 2068 sac-

135 2099 262 2139 tumm,
287 2109 331 2133 m.
359 2101 384 2131 2
408 2097 581 2132 factarum
610 2098 650 2132 K
749 2097 768 2130 7
796 2097 840 2130 de
867 2107 933 2130 om.
963 2097 1050 2130 ΡΙ)3
1152 2095 1285 2138 saltim,
1314 2095 1351 2128 in
1378 2105 1489 2138 mary.
1518 2098 1612 2128 certe
1642 2093 1663 2126 I

137 2155 281 2190 sal-tem
308 2155 359 2190 P²
429 2157 450 2190 8
478 2167 583 2201 quas·
605 2157 629 2191 (i
657 2159 766 2197 eras.)
796 2156 834 2188 K
858 2156 957 2199 quasi
987 2154 1031 2188 P*
1114 2155 1303 2199 patiuntur
1329 2154 1405 2187 uita
1432 2153 1516 2186 ΡΙ)3
1590 2152 1661 2185 dixi

138 2214 228 2249 ali..
247 2226 358 2249 ..om.
382 2216 414 2249 G
465 2216 485 2249 9
513 2216 616 2251 libro.
643 2227 686 2249 m.
712 2219 737 2248 ί.)
763 2215 875 2248 libero
903 2214 944 2248 K
1016 2219 1065 2256 ut,
1095 2225 1136 2247 m..
1161 2215 1186 2246 2
1211 2218 1274 2246 aut
1293 2212 1329 2245 B
1401 2212 1435 2245 in
1464 2213 1544 2253 ista,
1572 2223 1614 2244 m.
1638 2214 1662 2244 2

138 2273 171 2307 in
197 2274 268 2308 ista
292 2274 334 2308 K
356 2275 426 2308 ista
452 2277 532 2313 (om.
562 2275 622 2317 iu),
649 2286 692 2307 m.
722 2276 746 2307 2
772 2273 815 2307 ad
843 2274 913 2307 ista
940 2273 973 2305 R
1087 2273 1128 2306 10
1154 2271 1327 2305 habemus
1354 2283 1421 2305 om.
1451 2271 1475 2303 I
1575 2281 1660 2313 que—

138 2331 287 2366 ationem
314 2332 430 2366 BKV
527 2344 594 2366 non
622 2343 688 2367 om.
716 2333 751 2367 R
849 2342 917 2366 um.
946 2343 987 2364 m.
1013 2334 1029 2365 1
1060 2341 1151 2364 corr.
1179 2342 1258 2364 eum
1286 2330 1333 2363 ΠΙ
1401 2331 1435 2363 ll
1469 2328 1511 2362 de
1538 2339 1603 2361 om⁴
1628 2328 1661 2360 B

184 2390 313 2436 locum]
339 2392 467 2426 librum
495 2391 531 2426 R
629 2396 842 2435 secerptmu,
868 2402 911 2425 m.
942 2394 966 2423 2
989 2401 1104 2433 supra
1129 2390 1145 2422 l'
1172 2390 1376 2434 decerptum
1404 2388 1453 2421 1²2
1479 2391 1660 2431 ecerptum

139 2448 186 2482 P¹
213 2455 413 2496 excerptum
445 2452 474 2484 (ι’
498 2462 530 2484 m
558 2456 732 2485 secretum
762 2450 834 2483 BG
860 2450 1031 2494 scriptum
1060 2448 1145 2482 PP³
1220 2450 1261 2482 1⁴2
1288 2459 1368 2482 nou.
1396 2459 1438 2482 m.
1468 2449 1493 2479 2
1519 2457 1596 2479 nam
1628 2445 1660 2477 G

185 2509 367 2543 ornatibus
397 2510 427 2542 (J
499 2510 655 2554 corporis
682 2509 749 2543 del.
787 2508 816 2541 V
841 2508 1084 2552 corporalibus
1115 2508 1145 2540 C
1169 2518 1352 2551 corporum
1383 2506 1414 2537 (τ’
1482 2507 1520 2539 14
1543 2505 1662 2538 anima

139 2566 205 2601 HI
348 2569 388 2603 15
415 2572 651 2614 quaeperunt,
685 2581 727 2601 m.
756 2572 780 2601 ,2
813 2573 1005 2611 caeperunt
1031 2567 1066 2600 B
1098 2567 1268 2611 ceperint.
1302 2578 1344 2598 m.
1374 2569 1398 2598 2
1430 2570 1599 2608 ceperunt
1628 2563 1660 2595 G

186 2627 311 2671 maior]
338 2627 421 2662 talis
453 2628 488 2661 ΙΙ
627 2627 795 2672 quaen-lu
820 2626 891 2660 (ela
917 2627 955 2658 in
981 2627 1054 2668 fine
1078 2637 1112 2660 u.
1142 2637 1183 2658 m.
1213 2629 1248 2658 2.
1278 2625 1312 2657 B
1451 2623 1663 2661 misericors,

139 2695 183 2718 m.
209 2688 234 2719 2
259 2686 419 2720 miserior
439 2687 469 2720 S
492 2687 675 2720 misericor
717 2686 763 2720 Ρ1
791 2685 962 2721 miris-ors.
991 2696 1034 2718 m.
1056 2688 1073 2718 1
1100 2695 1190 2718 corr.
1221 2684 1430 2717 misericors.
1459 2693 1528 2714 ras.
1557 2682 1661 2714 mise-

141 2743 210 2778 rior
234 2745 267 2778 P
291 2746 528 2782 misericorde.
557 2757 600 2779 m.
629 2748 653 2778 2
679 2746 819 2779 miseria
846 2744 891 2778 M
1030 2743 1172 2788 deponi,
1200 2755 1242 2776 m.
1273 2747 1310 2776 ιιι
1336 2742 1410 2775 uid.
1442 2745 1456 2774 1
1482 2751 1572 2774 corr.
1600 2740 1661 2773 ‹le-

142 2804 252 2847 promi
281 2803 313 2837 G
342 2805 423 2850 poni
451 2804 496 2838 M
