1952 3118
165 935 196 959 10

5 1128 160 1173 711120

164 1290 193 1314 15

158 1644 192 1670 20

719 152 1069 197 epistularum
1110 151 1281 188 CXLVII.
1674 155 1758 195 293

230 282 506 336 perniciosius
538 281 799 331 insidiantes,
833 294 1011 335 quorum
1043 282 1186 335 procul
1222 281 1349 323 dubio
1377 295 1489 323 error
1513 281 1758 333 adstruitur,

230 354 265 396 si
298 354 428 407 patris
460 356 608 394 natura
639 352 880 398 inuisibilis,
914 352 989 393 filii
1022 365 1121 394 uero
1154 353 1339 394 uisibilis
1373 353 1569 403 creditur,
1603 353 1757 395 utrius-

229 437 308 478 que
330 437 451 465 unam
468 423 704 478 pariterque
725 423 982 465 inuisibilem
999 424 1186 466 adseruit
1206 437 1298 465 esse
1318 427 1509 465 naturam
1525 424 1757 479 adiungens

228 495 353 536 etiam
387 495 560 548 spiritus
595 494 742 536 sancti.
786 494 897 547 qnod
928 495 1113 536 breuiter
1145 495 1314 548 quidem
1348 495 1420 536 sed
1454 495 1758 536 admirabiliter

226 566 452 616 intimauit,
491 566 565 607 ubi
605 569 776 607 secutus
816 566 892 607 ait:
931 566 1031 607 ‘Aut
1070 572 1181 606 certe
1220 565 1355 606 refelli
1394 579 1472 607 non
1512 568 1654 618 potest
1686 567 1755 607 uel

225 639 385 690 patrem
425 637 494 677 uel
533 635 668 677 filium
708 635 776 677 uel
816 638 927 677 certe
966 635 1163 688 spiritum
1203 638 1409 682 sanctum,
1449 636 1484 677 si
1517 638 1657 677 tamen
1692 639 1757 677 est

225 707 360 748 sancti
394 707 569 760 spiritus
601 706 724 757 nisio,
758 719 805 747 ea
831 707 970 759 specie
1004 706 1152 754 uideri,
1186 719 1310 759 quam
1341 707 1539 747 uoluntas
1568 707 1755 761 elegerit,

224 790 302 819 non
330 780 477 819 natura
503 773 775 819 formauerit'.
808 778 948 831 potuit
974 777 1110 819 dicere
1136 778 1228 819 ‘non
1256 780 1405 819 natura
1430 778 1755 826 monstrauerit',

225 848 298 890 sed
331 848 480 889 maluit
513 848 650 890 dicere
682 848 968 896 ‘formaue1·it’,
1003 860 1051 888 ne
1079 847 1212 901 ipsam
1243 847 1440 901 speciem,
1474 847 1514 888 in
1543 860 1623 901 qua
1650 847 1753 889 deus

223 919 352 973 elegit
389 932 602 972 apparere,
642 919 692 960 de
731 931 808 960 sua
846 923 994 960 natura
1031 919 1209 960 formare
1246 921 1468 971 putaretur
1506 923 1546 960 et
1584 931 1632 959 ex
1676 919 1754 960 hoc

222 991 368 1043 utique
395 991 715 1032 conuinceretur
734 990 1024 1032 couuertibilis
1052 1002 1143 1031 esse
1172 990 1472 1042 mutabilisque
1500 990 1752 1037 substantia,

222 1061 332 1115 quod
365 1062 455 1114 ipse
482 1061 586 1103 deus
613 1074 636 1102 a
661 1061 741 1102 fide
768 1062 930 1115 piorum
967 1061 1204 1102 misericors
1232 1064 1274 1101 et
1299 1060 1505 1115 benignus
1532 1061 1750 1102 auerterit!

279 1132 515 1174 Inuisibilis
547 1136 612 1174 est
644 1132 775 1186 igitur
807 1135 953 1173 natura
986 1131 1090 1173 deus
1124 1145 1203 1173 non
1236 1133 1400 1173 tantum
1443 1135 1561 1185 pater
1598 1131 1673 1173 sed
1711 1135 1753 1173 et

219 1203 311 1257 ipsa
342 1203 522 1253 trinitas,
558 1216 665 1244 unus
693 1204 809 1254 deus,
845 1207 887 1244 et
912 1203 1009 1257 quia
1036 1216 1115 1244 non
1143 1205 1307 1244 tantum
1340 1202 1568 1244 inuisibilis
1602 1216 1750 1244 uerum

220 1274 346 1315 etiam
390 1273 764 1316 incommutabilis.
812 1274 872 1315 sic
911 1277 1094 1328 apparet,
1141 1273 1295 1327 quibus
1340 1274 1538 1323 uoluerit,
1582 1273 1623 1314 in
1669 1287 1752 1327 qua

220 1345 403 1386 uoluerit
435 1345 589 1398 specie,
623 1348 670 1387 ut
709 1345 819 1398 apud
852 1358 946 1387 eum
986 1345 1148 1399 integra
1185 1348 1351 1386 maneat
1390 1346 1480 1387 eius
1519 1345 1750 1387 inuisibilis

217 1415 663 1469 incommutabilisque
696 1420 854 1457 natura.
888 1416 1141 1457 desiderium
1169 1419 1310 1457 autem
1338 1416 1545 1457 ueraciter
1568 1416 1748 1470 piorum,

219 1499 299 1539 quo
333 1486 476 1528 uidere
510 1486 634 1528 deum
668 1488 844 1541 cupiunt
877 1490 919 1528 et
949 1487 1159 1529 inhianter
1191 1486 1426 1537 ardescunt,
1459 1500 1553 1537 non,
1575 1487 1746 1542 -opinor,

217 1557 257 1598 in
298 1570 389 1599 eam
428 1557 613 1610 speciem
653 1558 931 1599 contuendam
973 1558 1133 1613 flagrat.
1180 1571 1273 1611 qua,
1319 1561 1367 1599 ut
1407 1558 1515 1607 uult,
1560 1561 1744 1611 apparet,

219 1628 329 1682 quod
355 1628 445 1682 ipse
472 1642 551 1670 non
580 1631 656 1679 est,
689 1629 762 1671 sed
788 1630 827 1671 in
855 1643 945 1671 eam
974 1630 1270 1677 substantiam,
1304 1642 1385 1683 qua
1410 1630 1500 1683 ipse
1528 1632 1605 1679 est,
1633 1629 1745 1683 quod

217 1704 294 1742 est.
327 1700 451 1741 huius
485 1700 594 1740 enim
630 1700 826 1742 desiderii
853 1701 919 1742 sui
951 1701 1162 1742 flammam
1191 1704 1362 1742 sanctus
1391 1701 1574 1754 Moyses,
1606 1700 1743 1742 fidelis

216 1770 400 1812 famulus
446 1771 551 1819 eius,
603 1771 800 1821 ostendit,
853 1772 924 1812 ubi
970 1771 1029 1813 ait
1073 1771 1162 1821 deo,
1215 1784 1311 1813 cum
1363 1784 1444 1824 quo
1491 1775 1537 1813 ut
1582 1772 1743 1814 amicus

333 1943 425 1978 5—8
452 1960 496 1973 =
524 1956 557 1989 p.
585 1944 666 1986 290,
696 1945 834 1980 11-14
909 1945 953 1979 ‘22
981 1945 1042 1979 Ex.
1069 1945 1125 1987 33,
1155 1945 1194 1978 11

265 2026 279 2059 1
316 2027 458 2066 astruit,
490 2038 534 2060 m.
563 2029 588 2061 2
619 2038 710 2062 corr.
742 2027 818 2061 uid.
852 2027 1027 2061 astruitur
1052 2027 1088 2060 P
1206 2028 1226 2061 3
1260 2038 1338 2061 esse
1370 2028 1411 2062 in
1436 2027 1516 2072 fine
1540 2039 1575 2062 u.
1602 2039 1670 2063 om.
1697 2028 1745 2062 ΠΙ

213 2085 234 2119 4
262 2084 362 2119 breui
387 2085 427 2119 F
532 2085 804 2131 admirabiliter]
833 2089 895 2120 aut
923 2090 981 2125 (m.
1010 2088 1034 2120 2
1060 2088 1152 2130 exp.)
1177 2086 1392 2121 mirabiliter
1417 2087 1453 2121 P
1536 2089 1556 2121 5
1583 2088 1635 2122 ait
1661 2090 1738 2132 aut}

215 2143 266 2178 ait
291 2144 501 2188 unigenitus
528 2145 588 2190 qui
614 2147 670 2179 est
695 2145 731 2179 in
759 2145 839 2179 sinu
866 2146 979 2190 patris
1006 2148 1069 2179 aut
1094 2145 1130 2179 P
1177 2146 1197 2179 6
1225 2149 1319 2180 certe
1345 2157 1411 2181 om.
1444 2146 1545 2180 TOL
1596 2148 1615 2181 7
1634 2148 1738 2193 spiri-

215 2210 271 2237 tus
298 2203 413 2237 sancti
438 2203 484 2237 M
509 2203 587 2237 edd.
734 2204 856 2238 uidere
885 2207 942 2245 (m.
970 2206 990 2238 1
1015 2215 1104 2239 corr.
1132 2203 1259 2248 uideri)
1287 2217 1355 2250 qua
1381 2205 1429 2239 M
1529 2207 1549 2241 8
1575 2209 1738 2241 naturam

214 2263 468 2296 monstrauerit
494 2262 570 2296 HA
669 2265 689 2298 9
716 2264 774 2307 ne]
803 2263 860 2297 uel
891 2262 993 2297 TOL
1093 2264 1135 2298 10
1163 2263 1221 2309 de]
1250 2275 1293 2298 ne
1324 2263 1425 2298 TOL
1534 2266 1678 2300 formari
1706 2266 1739 2299 L

261 2324 407 2366 putetur
437 2321 538 2355 TOL
654 2325 689 2356 et
716 2333 782 2356 om.
811 2322 844 2355 L
871 2326 911 2356 ut
936 2322 971 2356 P
1093 2323 1131 2357 11
1161 2323 1417 2368 mutabilisque
1445 2326 1492 2365 (m
1522 2325 1560 2358 ιή
1586 2328 1672 2360 ras.)
1703 2325 1742 2359 H

212 2380 466 2425 motabilisque
494 2381 527 2415 L
643 2381 870 2416 substantiae
897 2382 930 2415 A
958 2381 1037 2416 edd.
1139 2382 1181 2416 12
1208 2383 1396 2428 impiorum
1428 2383 1457 2418 O
1558 2384 1598 2418 13
1625 2384 1738 2429 igitur

213 2460 267 2491 est
292 2457 340 2491 M
435 2463 469 2491 et
496 2469 562 2492 om.
595 2458 695 2492 TOL
766 2459 807 2493 15
836 2459 954 2503 quib;,
981 2470 1025 2495 m.
1047 2461 1073 2493 2
1098 2436 1119 2505 (ἶ
1146 2459 1181 2493 Ρ
1274 2460 1311 2494 in
1339 2471 1409 2504 qua
1435 2460 1591 2495 uoluerit
1616 2472 1682 2496 om.
1704 2461 1740 2495 P

215 2516 256 2550 16
283 2519 358 2551 eius
385 2528 451 2551 om.
486 2517 598 2552 TOM
623 2520 681 2561 (m.
709 2520 728 2551 1
754 2517 854 2560 add.)
879 2517 913 2552 L
1043 2519 1083 2552 17
1111 2518 1249 2564 piorum
1276 2519 1453 2554 ueraciter
1479 2531 1520 2553 m.
1550 2523 1567 2553 1
1587 2521 1737 2564 punctis

212 2585 302 2610 corr.
330 2575 378 2609 Μ
474 2576 516 2610 18
543 2577 699 2610 inaniter
731 2576 762 2610 T
862 2587 931 2610 non
959 2577 1098 2622 opinor]
1125 2580 1164 2611 ut
1190 2578 1316 2622 opinor
1341 2589 1410 2612 non
1437 2577 1472 2612 L
1573 2579 1614 2613 19
1640 2580 1733 2623 eam]

212 2633 310 2678 eade,
343 2646 386 2668 m.
420 2638 438 2668 1
469 2645 560 2670 corr.
593 2634 705 2670 cande
745 2635 776 2669 T
805 2634 954 2670 eandem
989 2635 1053 2671 OL
1204 2637 1345 2681 flagrat,
1378 2649 1421 2671 m.
1456 2640 1481 2671 2
1519 2637 1667 2681 flagrare
1700 2637 1739 2671 F

211 2692 256 2726 20
282 2694 365 2738 qua]
396 2694 479 2739 quia.
506 2693 548 2727 H
569 2695 595 2737 (i
621 2696 728 2737 eras.)
755 2694 794 2728 F
815 2694 840 2737 (i
866 2705 909 2728 m.
939 2696 963 2729 2
989 2686 1072 2737 del)
1098 2696 1132 2729 A
1262 2695 1355 2740 quod
1384 2699 1438 2730 est
1464 2707 1542 2735 om..
1569 2708 1615 2731 m.
1643 2700 1661 2731 1
1686 2697 1733 2740 (12)

212 2751 296 2786 add.
325 2752 356 2786 T
425 2754 467 2787 21
497 2754 591 2787 enim
617 2764 683 2789 om.
711 2753 744 2787 L
842 2757 985 2788 sanctus
1011 2764 1077 2788 om.
1112 2754 1210 2789 TOL
1284 2755 1328 2789 22
1356 2766 1507 2800 quocum
1534 2755 1578 2789 H
