1924 3122
204 225 258 265 94
677 222 711 257 S.
751 222 933 257 Aureli
971 223 1261 267 Augustini

201 354 292 408 ipse
340 353 569 402 confirmat,
616 352 851 393 litterarum
895 352 1176 405 prolixitatem
1231 353 1404 394 minime
1454 354 1736 404 formidasset,

203 438 323 466 omne
355 423 608 465 beatitudini
640 427 751 473 tuae,
788 423 899 476 quod
931 423 1083 464 habere
1116 427 1271 476 potest,
1311 424 1571 466 insinuasset
1609 426 1738 466 ambi-

203 509 348 551 guum.
388 495 460 536 sed
499 500 639 535 tamen
680 494 797 543 satis,
838 494 950 536 sicut
989 495 1115 535 etiam
1155 495 1243 548 ipse
1275 495 1449 548 probare
1483 496 1736 550 dignaberis,

203 568 316 608 culto
368 568 647 619 accuratoque
699 578 890 607 sermone
943 568 983 607 et
1027 566 1238 607 Romanae
1290 567 1553 619 eloquentiae
1604 567 1736 608 nitore

201 638 423 692 perspicuo
457 638 597 690 aliqua
625 637 705 677 sibi
732 637 869 678 exolui
901 637 1112 691 impendio
1146 637 1394 690 postulauit.
1429 651 1533 690 quae
1568 638 1735 691 quidem
1781 656 1796 681 5

203 709 393 763 quaestio
427 721 562 761 usque
597 721 762 761 quaque
796 708 947 749 detrita
987 711 1051 750 est
1089 711 1130 749 et
1170 722 1312 750 eorum
1356 722 1480 762 super
1511 709 1588 750 hac
1621 713 1736 762 parte

203 781 305 822 satis
332 782 430 821 nota
456 779 680 829 calliditas,
703 779 774 833 qui
802 779 1159 833 dispensationem
1187 780 1418 822 dominicae
1439 780 1735 821 incarnationis

199 850 417 893 infamant.
460 851 533 892 sed
571 853 711 892 tamen
751 850 876 891 etiam
916 863 992 905 ego
1031 851 1072 892 in
1110 851 1188 892 hac
1226 854 1357 904 parte,
1393 851 1490 904 quia
1528 851 1736 905 plurimis,

201 922 401 976 quicquid
468 922 747 975 rescripseris,
812 922 1079 975 profuturum
1150 935 1241 964 esse
1305 921 1481 972 confido,
1545 926 1737 976 precator

201 993 467 1042 accesserim,
497 995 543 1034 ut
576 993 627 1034 ad
660 1006 707 1034 ea
734 993 983 1047 uigilantius
1010 993 1260 1046 respondere
1288 993 1486 1047 digneris,
1511 993 1552 1034 in
1581 994 1734 1046 quibus
1766 1010 1796 1033 10

201 1065 305 1105 nihil
337 1064 518 1118 amplius
554 1064 784 1105 dominum.
821 1077 944 1116 quam
984 1064 1056 1105 alii
1094 1064 1284 1105 homines
1324 1065 1459 1105 facere
1492 1067 1734 1117 potuerunt,

199 1135 351 1176 fecisse
402 1135 676 1184 mentiuntur,
721 1134 994 1188 Apollonium
1046 1136 1081 1177 si
1133 1135 1301 1189 quidem
1354 1148 1478 1176 suum
1527 1136 1649 1177 nobis
1695 1139 1735 1177 et

199 1206 427 1259 Apuleium
455 1207 644 1259 aliosque
673 1206 863 1260 magicae
891 1207 991 1247 artis
1019 1206 1208 1247 homines
1236 1206 1276 1247 in
1299 1206 1484 1247 medium
1505 1206 1734 1260 proferunt,

201 1291 378 1331 quorum
411 1278 568 1319 maiora
602 1278 858 1319 contendunt
890 1278 1079 1319 extitisse
1112 1277 1328 1319 miracula.

259 1349 355 1402 Ipse
394 1351 537 1390 autem
576 1348 641 1389 uir
678 1349 870 1390 inlustris
910 1349 1102 1403 superius
1142 1351 1399 1390 memoratus
1438 1349 1595 1390 multas
1642 1362 1794 1392 esse¹15

201 1419 304 1460 dixit
346 1420 637 1473 praesentibus
683 1419 923 1473 aliquantis,
971 1433 1075 1473 quae
1120 1420 1218 1461 huic
1269 1420 1434 1474 possint
1482 1420 1601 1475 iungi
1654 1433 1734 1461 non

198 1490 405 1538 inmerito,
440 1491 723 1544 quaestiones,
759 1490 869 1531 sicut
902 1494 995 1532 ante
1029 1490 1124 1541 dixi,
1154 1491 1190 1532 si
1222 1504 1302 1532 non
1336 1491 1385 1532 ab
1421 1491 1510 1532 eius
1543 1492 1733 1545 partibus

199 1562 440 1615 epistularis
474 1562 738 1603 considerata
769 1562 955 1603 breuitas
988 1562 1153 1604 fuisset.
1188 1575 1294 1616 quae
1325 1565 1465 1603 tamen
1496 1563 1597 1603 licet
1636 1563 1733 1604 scri-

197 1633 293 1674 bere
327 1633 522 1683 noluerit,
556 1635 693 1674 tacere
726 1646 805 1674 non
839 1646 991 1686 passus
1026 1636 1103 1675 est.
1138 1634 1304 1675 dicebat
1337 1634 1460 1684 enim,
1495 1634 1619 1688 quod,
1654 1634 1733 1675 etsi

198 1703 278 1745 sibi
311 1704 435 1745 hodie
468 1704 764 1745 incarnationis
799 1704 1030 1745 dominicae
1069 1705 1173 1745 ratio
1213 1704 1470 1755 redderetur,
1503 1705 1620 1746 reddi
1662 1705 1730 1746 uix
1757 1725 1791 1750 ρο

198 1775 249 1816 ad
286 1775 496 1828 liquidum
535 1776 684 1828 possit,
725 1788 798 1817 cur
835 1776 903 1817 hic
943 1776 1059 1826 deus,
1102 1776 1171 1829 qui
1212 1780 1253 1818 et
1291 1777 1447 1818 ueteris
1487 1776 1733 1818 testamenti

317 1938 445 1983 21—p.
474 1939 529 1974 95.
558 1939 577 1972 5
607 1955 650 1966 =
678 1950 711 1983 p.
742 1938 820 1979 127,
849 1938 964 1973 7—12

245 2057 260 2090 1
290 2056 459 2090 minimae
486 2059 519 2100 (a
536 2051 589 2092 ’φη
620 2059 644 2090 2
670 2058 763 2100 eaep.)
790 2056 839 2090 M
859 2056 1008 2090 minima
1040 2056 1072 2090 T
1142 2056 1163 2089 2
1191 2056 1284 2089 omni
1313 2058 1348 2090 A
1445 2055 1673 2090 beatitudine
1694 2055 1732 2088 E

196 2118 254 2158 (m.
281 2119 321 2148 ut
346 2115 422 2150 uid.
452 2118 476 2149 2
502 2115 735 2157 beatitudini)
767 2115 799 2149 T
883 2116 1069 2149 insinuans
1095 2116 1130 2149 A
1204 2116 1224 2149 3
1252 2116 1327 2160 ipse
1355 2126 1423 2149 om.
1449 2115 1525 2149 ET
1603 2115 1729 2159 digna-

196 2174 303 2218 ueris,
330 2186 374 2208 m.
401 2177 420 2208 1
447 2185 536 2208 corr.
566 2173 774 2211 dignaberis
802 2174 884 2208 MP
992 2177 1012 2209 5
1040 2175 1169 2219 exolui]
1199 2186 1241 2208 ea
1268 2175 1361 2208 solui
1390 2174 1422 2208 T
1519 2173 1727 2219 compendio

195 2233 230 2266 A
299 2233 319 2267 8
346 2234 427 2277 ego]
458 2236 493 2267 et
519 2233 593 2268 ET
661 2234 703 2267 10
731 2234 910 2278 dignereS,
939 2245 1029 2270 corr.
1058 2233 1215 2278 digneris
1242 2234 1290 2268 111
1364 2234 1403 2267 11
1434 2233 1586 2278 amplius
1615 2233 1728 2267 domi-

196 2303 281 2326 num
307 2293 398 2326 nihil
424 2293 500 2326 ET
608 2293 773 2333 hominis,
800 2304 844 2327 m.
872 2297 890 2327 1
917 2305 1005 2327 corr.
1034 2294 1197 2327 homines
1223 2293 1259 2328 R
1359 2293 1402 2326 12
1429 2292 1571 2337 fecisse]
1600 2292 1727 2326 fecisse

195 2352 254 2386 uel
281 2351 411 2395 legisse
432 2351 573 2394 ETfl
598 2351 725 2385 fecisse
746 2352 803 2385 uel
825 2352 979 2396 gessisse
999 2352 1187 2387 MACPR
1208 2363 1292 2386 aer
1318 2352 1473 2396 gessisse
1490 2362 1525 2384 m
1577 2353 1618 2386 13
1641 2363 1727 2396 apu-

195 2411 309 2445 letum
342 2411 374 2445 T
469 2412 618 2454 iiiaicae,
646 2422 738 2445 corr.
765 2414 823 2455 (m.
850 2411 916 2454 1?)
944 2412 1104 2456 magicae
1131 2412 1180 2445 M
1273 2412 1322 2457 in]
1351 2413 1361 2445 i
1388 2413 1494 2456 (εἰσί)
1521 2412 1569 2446 M
1647 2424 1726 2456 pro-

195 2469 343 2504 fuerunt
368 2470 403 2504 A
505 2471 547 2504 14
575 2471 743 2504 extetisse
777 2470 809 2503 T
839 2471 1052 2504 extitissime
1079 2471 1114 2504 A
1235 2472 1325 2505 mira
1355 2471 1384 2505 C
1482 2472 1523 2505 15
1552 2477 1726 2505 memorat

197 2540 276 2563 cum
304 2540 375 2563 ras.
401 2539 510 2572 super
536 2531 550 2561 t
583 2529 611 2562 C
713 2529 826 2562 multa
851 2529 899 2562 M
923 2541 980 2570 tam.
1008 2531 1033 2563 2
1057 2529 1204 2573 multas)
1231 2529 1303 2562 ΑΡ
1328 2529 1406 2564 edd.
1509 2530 1551 2564 16
1579 2533 1727 2574 possent

195 2588 311 2623 MCR
337 2588 416 2624 edd.
520 2588 559 2621 17
590 2588 797 2632 quaestioni
822 2589 856 2621 A
884 2588 963 2622 edd.
1075 2589 1168 2622 sicut
1195 2592 1276 2622 ante
1306 2589 1396 2622 dixit
1421 2600 1490 2622 non
1516 2589 1552 2622 A
1579 2589 1667 2622 si⁴ut
1694 2592 1724 2630 <c

194 2648 301 2689 eras.)
333 2651 415 2681 ante
450 2645 507 2681 dii
540 2659 610 2681 non
638 2647 672 2681 P
703 2648 732 2680 si
765 2654 806 2681 ut
840 2650 921 2681 ante
956 2646 1013 2681 di}
1045 2659 1116 2681 non
1149 2648 1193 2681 M
1227 2650 1286 2691 (fv
1320 2659 1424 2682 eraso
1456 2660 1499 2682 m.
1533 2652 1575 2682 ut
1600 2648 1675 2683 uid,
1704 2651 1723 2681 1

195 2705 280 2745 (lixi)
313 2706 342 2739 C
366 2707 395 2741 si
422 2710 461 2741 ut
489 2712 571 2741 ante
600 2707 689 2740 dixit
707 2718 779 2740 non
799 2706 835 2740 R
856 2718 877 2739 a
894 2718 910 2740 c
936 2707 966 2740 si
994 2710 1032 2740 ut
1059 2709 1142 2740 ante
1170 2706 1241 2740 dixi
1269 2719 1339 2741 non
1366 2711 1443 2741 cett.
1471 2707 1550 2741 edd.
1633 2707 1722 2751 eius]

195 2765 246 2799 eis
278 2765 307 2799 C
417 2766 458 2800 18
486 2766 697 2810 epistulario
724 2765 772 2799 M
794 2768 850 2809 (m.
881 2768 905 2799 2
932 2766 1182 2810 epistularum)
1210 2766 1245 2799 A
1359 2766 1400 2799 19
1427 2770 1558 2808 tacere,
1586 2776 1629 2799 m.
1660 2767 1684 2799 2
1707 2766 1722 2798 l

194 2825 307 2858 taceri
332 2825 367 2858 P
464 2828 518 2859 est
546 2836 670 2870 passus
698 2825 777 2861 edd.
854 2825 898 2859 20
925 2824 1041 2869 reddi]
1071 2825 1190 2859 reddit
1221 2826 1253 2859 T
