1952 3118
7 1735 14 1749 ι

8 1914 13 1953 3

8 2002 14 2021 0

5 2112 13 2154 ἐ

8 2171 13 2232 ὲ

8 2233 13 2274 ἓ

5 2287 13 2395 i

6 2792 12 2990 ff..->-.-—.--
5 2643 12 2785 ω,.-,.-.-
7 2612 12 2636 —
6 2469 13 2594 ----·-0

74 2050 107 2076 2⁵

622 199 972 244 epistularum
1012 200 1165 235 CLXIV.
1572 203 1655 244 537

130 329 312 372 nondum
345 332 516 370 uenerat
551 328 758 371 Christus.
792 329 976 371 nondum
1010 330 1119 370 enim
1153 332 1324 371 uenerat
1355 329 1427 371 sed
1454 329 1494 370 in
1523 342 1656 378 carne,

132 400 242 441 sicut
274 399 402 447 uenit,
436 399 600 452 quando
639 403 755 451 post
790 400 908 441 haec
942 401 987 441 in
1020 402 1152 441 terra
1184 401 1328 442 uisus
1361 403 1437 442 est
1470 403 1517 442 et
1550 413 1656 442 cum

130 470 415 513 hominibus
443 473 777 513 conuersatus
805 474 892 514 est.
926 484 1075 513 uerum
1101 474 1242 513 tamen
1270 472 1320 513 ab
1346 472 1466 513 initio
1494 472 1657 527 generis

129 542 299 586 humani
338 543 407 584 uel
445 543 497 584 ad
536 543 771 597 arguendos
812 543 946 585 malos
986 543 1099 585 sicut
1136 544 1186 584 ad
1227 542 1327 585 Cain
1366 555 1413 584 ac
1452 543 1567 597 prius
1607 543 1657 585 ad

129 616 268 670 ipsum
307 614 440 656 Adam
478 627 733 667 uxoremque
778 614 869 656 eius
907 615 977 656 uel
1016 614 1067 655 ad
1106 613 1382 655 consolandos
1420 614 1551 655 bonos
1590 614 1658 655 uel

130 687 179 729 ad
210 688 414 739 utrosque
446 685 743 735 admonendos,
785 687 834 727 ut
872 685 942 726 alii
976 685 1026 726 ad
1059 686 1240 726 salutem
1275 698 1394 726 suam
1428 685 1656 732 crederent,

129 757 199 798 alii
230 756 280 797 ad
314 768 489 809 poenam
524 768 643 797 suam
675 769 754 798 non
788 755 1017 797 crederent.
1051 755 1141 808 ipse
1175 755 1324 808 utique
1356 767 1437 796 non
1470 755 1510 796 in
1539 767 1658 796 carne

131 827 203 870 sed
227 827 268 868 in
297 826 448 881 spiritu
476 827 672 868 ueniebat
697 826 803 868 uisis
831 826 1028 880 congruis
1063 826 1308 879 adloquens‚
1343 838 1448 879 quos
1475 826 1658 875 uolebat,

129 899 240 941 sicut
277 898 462 939 uolebat.
501 898 613 952 quod
653 899 792 940 autern
834 898 916 938 dixi
955 898 1008 939 ‘in
1044 897 1196 952 spiritu
1234 897 1457 948 ueniebat‘,
1497 900 1539 939 et
1569 898 1659 951 ipse

131 969 298 1023 quidem
332 968 445 1010 filius
477 969 517 1010 in
551 969 791 1011 substantia
822 968 1007 1019 deitatis,
1042 968 1236 1021 quoniam
1277 980 1428 1023 corpus
1466 982 1545 1010 non
1579 972 1658 1017 est,

129 1041 274 1094 utique
313 1040 487 1095 spiritus
525 1042 602 1082 est.
643 1040 716 1082 sed
754 1040 855 1094 quid
893 1040 995 1081 facit
1031 1040 1144 1081 filius
1183 1040 1272 1082 sine
1317 1040 1469 1094 spiritu
1514 1044 1658 1082 sancto

130 1112 198 1155 uel
230 1112 318 1154 sine
351 1115 483 1166 patre,
517 1124 609 1153 cum
644 1111 939 1165 inseparabilia
971 1111 1057 1153 sint
1088 1111 1228 1153 omnia
1266 1124 1389 1164 opera
1426 1111 1658 1154 trinitatis?

186 1184 283 1237 Ipsa
315 1196 482 1237 quoque
515 1183 748 1237 scripturae
781 1183 921 1224 uerba.
963 1183 1012 1224 de
1046 1183 1199 1236 quibus
1238 1183 1391 1237 agitur,
1430 1183 1533 1224 satis
1566 1184 1658 1234 hoc,

129 1258 177 1297 ut
194 1257 311 1309 puto,
333 1254 518 1296 indicant
538 1255 613 1304 eis,
636 1255 707 1307 qui
730 1254 955 1308 diligenter
975 1253 1227 1295 adtendunt:
1256 1252 1381 1305 Quia
1408 1253 1657 1303 Christus,

130 1326 279 1380 inquit,
320 1326 477 1367 semel
515 1339 599 1378 pro
632 1326 859 1379 peccatis
894 1326 1080 1367 nostris
1119 1328 1346 1367 mortuus
1381 1328 1458 1367 est
1489 1326 1658 1368 iustus

134 1410 216 1453 pro
243 1397 467 1439 iniustis.
500 1399 555 1439 ut
581 1410 667 1438 nos
695 1397 911 1439 adducat
943 1397 1046 1446 deo,
1080 1396 1426 1438 mortificatus
1461 1397 1658 1450 quidem

135 1482 288 1519 carne,
322 1468 625 1510 uiuificatus
660 1472 822 1510 autem
858 1468 1056 1522 spiritu.
1091 1468 1136 1509 in
1171 1481 1264 1521 quo
1298 1468 1462 1518 ethis,
1496 1469 1578 1522 qui
1612 1469 1657 1509 in

131 1552 324 1582 carcere
351 1543 491 1581 erant
522 1540 764 1581 conclusi.
800 1539 1069 1593 spiritibus
1103 1540 1374 1581 adueniens
1406 1539 1657 1593 praedica-

130 1611 216 1660 uit,
251 1610 334 1664 qui
367 1610 615 1652 increduli
648 1612 849 1652 fuerant.
882 1611 1148 1663 aliquando
1176 1611 1221 1651 in
1251 1611 1439 1653 diebus.
1475 1611 1656 1664 quibus

131 1682 419 1736 expectabat
439 1681 515 1722 dei
537 1682 855 1735 patientia‚in
873 1682 1179 1724 diebusNoe.
1197 1694 1300 1723 cum
1323 1681 1658 1723 fabricaretur

131 1765 254 1795 arca.
286 1753 383 1801 iam,
425 1755 472 1794 ut
503 1753 694 1802 arbitror,
732 1753 973 1795 adtenditur
1005 1753 1103 1795 ordo
1137 1752 1380 1794 uerborum:
1422 1753 1655 1795 Christus

130 1823 470 1866 mortificatus
505 1836 662 1867 carne.
697 1823 1002 1866 uiuificatus
1037 1827 1198 1865 autem
1235 1824 1432 1877 spiritu.
1478 1824 1523 1865 in
1564 1837 1655 1877 quo

131 1895 279 1948 spiritu
325 1895 597 1938 adueniens
642 1896 960 1949 praedicauit
999 1902 1045 1937 et
1090 1896 1197 1937 illis
1243 1895 1527 1948 spiritibus,
1574 1895 1656 1948 qui

130 1965 378 2008 increduli
423 1966 624 2008 fuerant
668 1967 938 2020 aliquando
985 1967 1030 2008 in
1077 1967 1253 2008 diebus
1298 1965 1413 2015 Noe,
1460 1967 1655 2018 quoniam

131 2037 260 2090 prius,
294 2050 417 2091 quam
451 2038 615 2079 ueniret
640 2038 680 2079 in
709 2051 828 2079 carne
856 2051 928 2092 pro
957 2039 1076 2079 nobis
1110 2038 1355 2079 moriturus.
1390 2037 1498 2090 quod
1527 2038 1655 2078 semel

250 2188 270 2221 2
297 2187 377 2222 Bar.
405 2189 437 2227 3.
464 2189 509 2222 3⁸
587 2190 629 2222 14
656 2189 671 2223 I
699 2190 794 2223 Petr.
822 2190 854 2225 3,
884 2190 1021 2223 115—20

181 2270 196 2304 1
225 2270 285 2304 sed
312 2271 350 2304 in
379 2282 451 2306 ras.
478 2283 520 2305 m.
551 2275 568 2304 1
593 2272 626 2305 A
654 2272 715 2306 sed
745 2272 812 2306 del.
845 2273 875 2303 (ι’
904 2271 964 2305 sed
993 2283 1058 2306 om.
1087 2271 1122 2305 P
1146 2271 1285 2306 scilicet
1312 2271 1389 2306 edd.
1572 2272 1592 2304 2
1621 2271 1654 2303 in

132 2329 234 2364 terris
265 2330 329 2364 GP
350 2341 416 2365 sec.
451 2330 553 2375 Vuly.
640 2333 662 2365 4
690 2333 744 2375 acl
774 2331 840 2364 hac
869 2332 899 2362 (Ῑ
988 2331 1008 2364 6
1036 2330 1079 2364 ad
1107 2342 1172 2366 om.
1202 2332 1234 2364 A
1334 2331 1386 2374 ut]
1415 2334 1450 2364 ct
1477 2330 1523 2363 M
1546 2334 1603 2373 (m.
1633 2333 1658 2363 ,2

133 2390 186 2431 ut)
211 2389 245 2422 A
354 2390 374 2423 8
402 2390 481 2424 uisi.
509 2402 552 2423 m.
580 2394 598 2423 1
623 2401 713 2424 corr.
742 2391 829 2424 uisis
856 2391 895 2424 F
1000 2391 1020 2423 9
1049 2390 1137 2424 «lixit
1165 2390 1270 2424 codd.
1378 2390 1417 2422 10
1445 2396 1497 2423 cst
1524 2400 1590 2422 om.
1620 2389 1659 2422 Κ

135 2448 174 2481 11
206 2450 260 2482 est
285 2459 351 2482 om.
379 2449 460 2483 MG
488 2461 543 2483 scs
571 2451 604 2483 A
682 2451 723 2483 12
750 2453 833 2483 sunt
860 2449 1010 2483 MAFG
1038 2450 1097 2491 (m.
1125 2451 1150 2482 2
1174 2449 1260 2490 sint)
1332 2449 1372 2482 16
1399 2460 1460 2493 pro
1488 2448 1655 2482 iniustus.

128 2508 276 2550 punctis
301 2519 344 2541 m.
373 2511 391 2542 1
418 2519 507 2543 corr.
536 2520 598 2553 pro
626 2509 769 2542 iniustis
796 2509 843 2542 JI
939 2520 1000 2541 uos
1028 2508 1220 2542 KMFCP
1312 2508 1351 2542 17
1379 2507 1449 2551 his}
1475 2507 1509 2540 in
1538 2507 1593 2541 his
1623 2507 1654 2539 (ι’

134 2565 323 2610 iisslrm
472 2567 513 2601 la
541 2568 699 2602 conclusi
729 2572 830 2602 erant
856 2567 1048 2601 MFAPG
1075 2567 1152 2601 edd.
1181 2570 1283 2600 erant
1311 2576 1391 2600 (om.
1419 2566 1591 2606 conclusi)
1618 2565 1659 2599 K

133 2634 197 2660 sec,
231 2624 332 2669 Vuly.
399 2627 441 2660 19
468 2626 612 2660 fuerunt
638 2626 678 2660 K
751 2627 784 2660 in
814 2626 939 2660 «liebus
967 2626 1110 2670 quibus}
1141 2626 1174 2659 in
1204 2626 1328 2659 dicbus
1357 2625 1427 2659 illis
1456 2624 1596 2669 quando
1625 2625 1658 2658 Ι)

136 2683 275 2727 quando
302 2685 399 2725 edd:
425 2685 472 2728 cs.
496 2697 533 2729 p.
564 2688 650 2726 5253,
678 2689 716 2719 11
796 2686 841 2719 20
868 2674 1082 2729 expectabat
1105 2685 1151 2719 Μ
1176 2684 1413 2729 expectabant
1440 2693 1475 2717 (n
1503 2686 1595 2727 ιιι-μ)
1623 2683 1660 2717 F

179 2743 356 2787 patientia
382 2747 440 2783 (ω
467 2756 510 2777 ηι.
534 2746 570 2783 2]
592 2744 630 2777 F
682 2745 723 2778 ⁴21
747 2743 958 2778 attendatur
981 2743 1013 2778 G
1088 2744 1188 2787 ordo}
1218 2743 1328 2777 forma
1355 2742 1598 2786 edd.1›raeter
1623 2754 1652 2775 ιη

135 2800 179 2834 23
206 2800 400 2835 adueniens
427 2803 499 2847 Xps
527 2803 749 2848 praedicauit
776 2803 822 2836 M
894 2804 939 2836 24
966 2803 1108 2836 fuerunt
1138 2803 1177 2836 Κ
