1924 3122
684 161 1041 207 epistularum
1082 161 1272 197 CXXXIV.
1690 167 1745 208 87

210 292 353 335 uerbis
386 293 713 347 implicarentur.
746 293 924 348 legenda
958 294 1055 335 sunt
1089 295 1210 348 gesta
1242 292 1293 335 ad
1328 292 1532 335 sanandas
1572 293 1746 338 animas,

211 377 315 418 quas
347 364 547 419 pestifera
579 364 774 406 suasione
807 367 1134 405 uenenauerunt.
1168 364 1371 417 numquid
1405 365 1545 418 placet
1576 365 1666 415 tibi,
1700 368 1749 407 ut

212 435 263 477 ad
288 435 411 477 finem
439 438 670 486 gestorum,
699 435 735 476 si
763 438 980 476 cruentum
1010 435 1188 476 istorum
1216 435 1472 489 supplicium
1501 436 1746 486 continebit,

210 506 385 561 legendo
417 506 635 560 peruenire
667 506 909 556 timeamus,
943 505 1016 546 ubi
1048 505 1245 559 ponimus
1280 508 1323 546 et
1360 506 1494 560 ipsam
1536 507 1748 549 conscien-

174 591 187 612 ‚a
211 578 330 621 tiam.
362 591 413 619 ne
445 579 604 619 malum
637 589 710 631 pro
744 578 868 626 malo,
902 577 973 630 qui
1006 577 1121 630 passi
1156 580 1268 626 sunt,
1303 577 1537 620 reddidisse
1577 578 1748 619 uidean-

156 944 189 969 10

159 1300 191 1325 15

0 2426 3 2435 .
0 2307 5 2405 ->.-.-
1 2265 3 2285 μ
1 1989 6 2256 ΑΜ.-,,-..-..--
0 1826 7 1980 'auu-2⁴22.

213 650 308 690 tur‘?
360 649 395 690 si
446 661 543 703 ergo
597 649 699 689 nihil
750 647 866 689 aliud
911 648 1241 689 constitueretur
1290 647 1511 690 frenandae
1563 649 1748 691 malitiae

213 719 487 773 perditorum.
522 721 704 761 extrema
735 719 916 761 fortasse
947 719 1194 769 necessitas,
1226 721 1274 759 ut
1306 719 1412 760 tales
1447 719 1748 770 occiderentur,

215 794 400 846 urgeret,
435 803 704 845 quamquam,
738 790 850 844 quod
884 790 935 831 ad
967 803 1043 832 nos
1077 790 1251 839 adtinet,
1287 791 1322 832 si
1360 790 1464 832 nihil
1501 791 1650 832 mitius
1689 792 1748 832 eis

213 862 303 904 fieri
346 865 504 915 posset,
549 862 773 904 mallemus
819 874 890 903 eos
934 862 1088 904 liberos
1134 862 1321 912 relaxari,
1361 875 1486 915 quam
1530 863 1749 916 passiones

214 934 390 975 fratrum
423 936 662 975 nostrorum
693 933 788 975 fuso
822 945 964 975 eorum
1006 933 1208 987 sanguine
1246 933 1466 975 uindicari.
1504 946 1613 975 nunc
1650 946 1749 975 uero

214 1018 310 1046 cum
344 1007 386 1046 et
417 1004 578 1058 aliquid
611 1004 700 1045 fieri
727 1005 878 1057 possit.
907 1017 988 1057 quo
1016 1006 1059 1045 et
1083 1004 1200 1045 mitis
1228 1004 1547 1045 commendetur
1572 1004 1751 1045 ecclesia

216 1078 257 1117 et
300 1075 513 1117 inmitium
559 1075 804 1117 cohibeatur
849 1075 1036 1126 audacia,
1077 1087 1151 1116 cur
1192 1087 1272 1116 non
1316 1074 1461 1116 flectas
1505 1075 1546 1116 in
1589 1077 1749 1128 partem

214 1147 569 1201 prouidentiorem
606 1146 893 1200 lenioremque
933 1146 1199 1195 sententiam,
1240 1146 1351 1200 quod
1395 1146 1496 1188 licet
1538 1145 1751 1187 iudicibus

215 1218 351 1260 facere
397 1217 521 1260 etiam
568 1230 647 1258 non
692 1218 734 1259 in
780 1217 920 1258 causis
966 1217 1199 1259 ecclesiae?
1243 1218 1346 1258 time
1386 1230 1484 1272 ergo
1529 1217 1750 1258 nobiscum

216 1289 421 1337 iudicium
455 1289 521 1330 dei
552 1289 683 1343 patris
717 1292 758 1330 et
791 1288 1039 1330 commenda
1064 1288 1431 1330 mansuetudinem
1461 1289 1621 1329 matris.
1656 1301 1750 1329 cum

218 1359 327 1400 enim
359 1362 407 1401 tu
439 1359 556 1410 facis,
585 1360 765 1401 ecclesia
791 1359 904 1409 facit,
930 1361 1101 1412 propter
1134 1372 1258 1413 quam
1284 1360 1389 1400 facis
1422 1362 1464 1401 et
1490 1359 1610 1401 cuius
1637 1359 1751 1400 filins

218 1431 335 1473 sacis.
364 1431 567 1473 contende
588 1431 775 1472 bonitate
803 1443 897 1472 cum
925 1431 1063 1472 malis.
1090 1431 1155 1472 illi
1183 1431 1338 1472 scelere
1365 1431 1538 1472 immani
1565 1431 1753 1471 membra

219 1502 269 1543 de
313 1514 484 1556 corpore
528 1503 628 1544 uino
675 1504 935 1551 auulserunt,
974 1504 1021 1543 tu
1067 1515 1190 1555 opere
1234 1502 1496 1544 misericordi
1537 1502 1666 1553 effice,
1706 1504 1754 1543 ut

219 1573 306 1622 illa,
358 1585 463 1626 quae
513 1572 703 1614 nefandis
755 1572 952 1627 operibus
1003 1572 1261 1621 exercebant,
1314 1572 1442 1613 alicui
1492 1572 1588 1613 utili
1639 1572 1753 1627 operi

219 1645 382 1698 integra
438 1656 580 1685 eorum
639 1643 828 1685 membra
884 1643 1141 1692 deseruiant;
1205 1643 1268 1684 illi
1332 1656 1412 1684 non
1478 1645 1755 1697 pepercerunt

344 1795 364 1828 5
392 1794 493 1828 Rom.
523 1794 577 1834 12,
607 1794 649 1828 17

269 1878 289 1910 2
323 1878 549 1911 uenenarunt
574 1876 613 1911 E
641 1878 866 1910 uenauerunt
892 1876 928 1911 R
960 1879 1224 1911 uenerauerunt
1249 1875 1367 1910 MFA
1402 1878 1459 1917 (m.
1489 1878 1514 1910 2
1545 1876 1754 1910 uulneraue-

222 1939 319 1978 runt)
393 1937 413 1970 3
442 1936 492 1970 sic
518 1938 685 1970 ruentum
711 1936 861 1980 uiryula
889 1946 978 1970 corr.
1006 1936 1053 1970 M
1076 1935 1126 1969 si*
1153 1936 1241 1978 (fuit
1268 1938 1299 1979 c)
1327 1938 1512 1970 cruentum
1534 1935 1570 1969 P
1641 1937 1661 1967 ἴ)
1687 1945 1755 1978 me,

222 2007 266 2029 m.
295 1998 320 2029 2
344 2006 387 2029 ne
414 1994 451 2030 R
547 1995 720 2033 reddisse,
747 2006 792 2029 m.
820 1997 838 2029 1
863 2006 955 2030 corr.
982 1995 1184 2029 reddidisse
1216 1995 1248 2028 T
1273 1994 1413 2029 dedisse
1440 1994 1479 2029 E
1596 1995 1617 2028 8
1645 1994 1753 2038 quod]

225 2058 265 2088 ut
290 2054 338 2088 M
476 2055 508 2089 ei
539 2055 570 2088 T
691 2055 712 2088 9
738 2055 854 2099 possit
879 2054 919 2088 E
1060 2054 1245 2095 malemus,
1272 2066 1316 2088 m.
1343 2057 1362 2087 1
1387 2065 1479 2088 corr.
1506 2054 1695 2088 mallemus
1721 2052 1760 2087 F

272 2114 429 2148 relaxare
456 2113 491 2148 R
583 2114 626 2147 10
653 2113 838 2148 uindicare
864 2115 899 2148 A
994 2115 1032 2148 11
1065 2125 1141 2148 eum
1170 2113 1218 2159 et]
1247 2113 1415 2157 quoniam
1442 2112 1490 2147 Ρι
1515 2113 1591 2156 flr
1617 2124 1694 2147 cum
1724 2124 1756 2145 m

273 2172 370 2207 aliud
396 2173 436 2207 E
505 2175 627 2218 potest
655 2172 702 2206 Ρ1
775 2174 896 2207 mitius
924 2173 963 2207 E
1042 2173 1084 2207 12
1110 2173 1317 2207 immanium
1345 2176 1515 2207 caueatur
1539 2172 1579 2206 E
1651 2173 1694 2205 14
1720 2172 1755 2205 in

226 2231 281 2265 bis
313 2231 345 2265 T
439 2243 524 2275 ergo
551 2242 618 2267 om.
651 2232 683 2265 T
757 2233 799 2267 15
827 2232 1012 2266 commoda
1039 2233 1072 2265 A
1176 2231 1498 2270 mansuetudinem,
1524 2241 1639 2275 supra
1667 2242 1709 2264 m.
1739 2233 1757 2264 1

225 2290 241 2324 l
267 2290 560 2325 consuetudinem
591 2290 636 2324 Ρ1
663 2290 958 2324 consuetudinem
985 2289 1130 2325 FAPR
1268 2292 1308 2324 16
1336 2300 1440 2334 quam
1470 2289 1557 2323 facit
1581 2289 1630 2323 M
1652 2290 1710 2334 (m.
1740 2291 1757 2321 1

227 2359 317 2385 corr.
345 2360 450 2394 quam
477 2349 580 2391 facis)
605 2350 644 2384 F
667 2350 761 2394 quod
789 2350 876 2384 facis
903 2349 938 2384 R
1086 2351 1126 2383 17
1160 2349 1361 2384 bonitatem
1396 2353 1443 2390 (ni
1480 2359 1522 2382 m.
1552 2351 1577 2382 2
1602 2352 1696 2392 (πμ.)
1722 2348 1760 2382 Ε

274 2408 347 2442 illis
374 2410 403 2451 (s
430 2411 522 2452 exp.)
550 2409 663 2443 celere
690 2409 734 2443 M
761 2409 814 2443 illi
841 2409 967 2443 sceleri
994 2409 1064 2443 FA
1163 2409 1316 2444 inmane.
1346 2420 1389 2441 m.
1418 2410 1442 2441 2
1467 2408 1601 2441 inmani
1630 2407 1668 2440 E
1691 2408 1754 2440 im-

228 2467 386 2501 manium
406 2467 455 2502 M
478 2472 551 2510 (um
580 2479 622 2502 m.
650 2471 691 2502 ut
716 2468 792 2502 uid.
814 2471 833 2501 1
853 2468 937 2505 del.)
958 2468 1068 2502 FAR
1089 2469 1235 2502 immani
1264 2467 1321 2501 ·ΙΙ·
1351 2467 1425 2509 (·11·
1448 2478 1522 2501 non
1546 2467 1756 2511 yenuinum,

228 2525 292 2560 sed
316 2537 406 2561 corr.
432 2527 586 2570 factum.
612 2538 722 2571 super
745 2527 844 2571 quod
870 2539 914 2564 m.
941 2529 966 2561 2
992 2527 1078 2562 add.
1105 2527 1189 2570 duo)
1207 2527 1246 2561 *P
1296 2527 1337 2560 18
1365 2537 1435 2560 uno
1465 2526 1497 2559 P
1569 2525 1757 2559 uulserunt

229 2585 268 2620 Ε
360 2586 602 2631 misericordie
630 2586 668 2620 Ε
690 2586 934 2620 misericordie
961 2586 997 2620 P
1087 2586 1128 2620 19
1157 2585 1386 2621 ex.ercebant
1413 2585 1501 2628 (fuit
1528 2585 1558 2618 cl
1593 2584 1623 2617 T
1718 2586 1757 2617 ut

230 2645 283 2679 illi
308 2644 442 2687 (altera
467 2644 480 2678 1
505 2649 599 2688 exp.)
626 2645 749 2690 opperi
775 2645 823 2680 Μ
845 2648 885 2679 ut
911 2645 964 2679 illi
991 2643 1090 2690 op‘cri
1110 2645 1144 2680 R
1170 2645 1258 2679 utile
1297 2656 1378 2689 per·
1399 2645 1486 2687 (fnit
1507 2644 1532 2681 i)
1553 2643 1591 2677 F
1637 2644 1681 2677 20
1702 2643 1756 2676 in-

230 2705 334 2746 tegra
359 2715 425 2738 om.
446 2703 494 2737 Ρι
638 2704 799 2738 membra
825 2715 945 2739 eorum
966 2704 1013 2738 P¹
1160 2704 1381 2746 deseruiunt,
1408 2715 1452 2738 m.
1474 2707 1492 2737 1
1521 2714 1611 2737 corr.
1638 2703 1756 2736 deser-

232 2763 335 2797 uiant
360 2763 399 2796 E
