1952 3118
691 197 1042 242 epistularum
1082 197 1235 232 CXLIX.
1637 200 1723 241 365

198 326 300 368 bene
333 326 469 368 utitur
501 327 551 367 ad
584 329 829 380 prouectum
869 328 1074 369 bonorum
1114 328 1241 369 etiam
1285 328 1326 369 in
1371 328 1450 369 1100
1494 328 1722 370 mirificans

198 398 545 452 omnipotentiam
579 398 781 440 bonitatis
821 411 936 448 suae,
979 399 1088 452 quia,
1136 399 1250 441 sicut
1292 399 1465 441 illorum
1509 399 1723 452 nequitiae

196 471 262 510 est
295 469 402 509 male
435 469 497 510 uti
529 470 649 511 bonis
678 469 874 523 operibus
903 470 1007 519 eius,
1036 470 1097 511 sie
1124 470 1241 511 illius
1269 470 1500 524 sapientiae
1529 473 1595 512 est
1622 471 1722 512 bene

195 539 257 580 uti
290 539 413 580 malis
448 541 644 593 operibus
680 553 837 582 eorum.

79 608 132 648 19
153 626 167 650 5
253 611 370 652 Hane
398 611 529 665 igitur
549 611 817 653 altitudinem
839 612 1090 653 sacramenti
1111 612 1171 653 sie
1194 612 1459 653 commendat
1479 612 1719 664 apostolus:

193 681 327 723 Nolo
361 695 455 723 uos
495 682 761 736 ignorare.
802 683 1019 725 fratres.
1060 685 1460 724 sacramentum
1504 683 1616 733 hoe,
1663 688 1721 724 ut

193 766 289 794 non
325 753 452 794 sitis
489 754 645 795 uobis
680 754 975 808 sapientes,
1017 754 1143 807 quia
1190 754 1435 795 caecitas
1477 767 1533 795 ex
1565 758 1716 808 parte

192 825 240 866 in
280 825 493 866 Israhel
538 827 683 866 faeta
722 828 816 874 est,
852 825 1016 867 donee
1048 825 1338 879 plenitudo
1373 826 1615 880 gentium
1649 826 1720 866 in-

190 898 364 936 traret
396 896 558 937 etsie
600 896 771 938 omnis
804 896 1019 938 Israhel
1059 897 1247 937 saluus
1281 897 1459 938 fieret.
1493 900 1554 937 ‘ex
1586 901 1718 950 parte'

130 980 164 1005 ιο
190 966 306 1011 dixit,
335 967 431 1019 quia
465 980 543 1008 non
572 980 714 1009 omnes
743 967 950 1009 excaecati
986 970 1103 1016 su11t;
1139 970 1256 1008 erant
1289 967 1399 1009 enim
1433 981 1479 1009 ex
1511 968 1612 1016 illis,
1646 968 1718 1021 qui

190 1038 404 1080 Christum
432 1042 734 1092 cognoueruut.
770 1038 988 1092 plenitudo
1015 1043 1158 1080 autem
1186 1039 1377 1093 gent-ium
1409 1038 1449 1079 in
1477 1039 1542 1080 his
1575 1038 1716 1081 intrat.

189 1109 258 1162 qui
299 1109 531 1150 seeundum
570 1110 836 1163 propositum
877 1110 1018 1151 uoeati
1058 1112 1168 1151 sunt.
1209 1113 1250 1150 et
1288 1110 1350 1151 sic
1389 1110 1523 1151 omnis
1555 1110 1717 1151 Israhel

189 1180 334 1221 saluus
379 1180 462 1229 fiet,
511 1180 607 1233 quia
653 1183 694 1221 et
740 1193 785 1222 ex
830 1180 999 1222 Iudaeis
1046 1184 1087 1222 et
1133 1194 1180 1222 ex
1212 1181 1425 1234 gentibus,
1461 1181 1532 1234 qui
1571 1193 1716 1222 seeun-

187 1251 286 1292 dum
330 1251 593 1304 propositum
638 1252 777 1292 uocati
823 1254 935 1301 sunt,
980 1251 1060 1304 ipsi
1110 1251 1253 1293 uerius
1305 1254 1404 1293 sunt
1446 1251 1620 1300 Israhel,
1666 1251 1715 1292 de

130 1334 269 1375 1⁵quo
310 1322 410 1364 dicit
454 1322 563 1364 idem
609 1324 846 1377 apostolus:
892 1323 954 1364 Et
1005 1336 1166 1376 super
1210 1323 1419 1364 Israhel
1464 1323 1565 1366 dei:
1617 1323 1714 1363 illos

186 1396 326 1435 autem
349 1394 450 1435 dicit
464 1394 622 1435 Israhel
644 1395 875 1436 seeundum
897 1407 1081 1435 earnem:
1100 1393 1197 1434 Vid
1212 1396 1309 1436 ete.
1331 1394 1480 1447 inquit,
1503 1394 1653 1435 Israh
1668 1393 1714 1435 el

187 1465 476 1506 seeundum
500 1478 721 1506 earnem.
740 1465 887 1506 deinde
908 1465 1136 1518 interponit
1149 1465 1439 1507 testimonium
1463 1466 1710 1519 prophetae:

186 1535 379 1577 Veniet
413 1549 466 1577 ex
501 1536 639 1582 Sion,
675 1537 764 1589 qui
799 1537 999 1589 eripiat
1031 1538 1081 1578 et
1120 1539 1333 1578 auertat
1366 1536 1707 1590 impietatem

183 1607 241 1647 ab
276 1607 454 1655 Iaeob;
491 1610 541 1648 et
575 1608 670 1648 1100
702 1608 823 1649 illis
860 1621 881 1649 a
914 1621 988 1649 me
1021 1610 1427 1657 testamentum,
1457 1621 1570 1649 eum
1598 1608 1707 1649 abs-

122 1687 156 1713 20
181 1679 359 1719 tulero
404 1680 631 1731 peecata
675 1678 896 1720 illorum
936 1691 1014 1720 non
1049 1679 1197 1732 utique
1232 1679 1419 1720 omnium
1454 1679 1705 1721 Iudaeorum

35 1781 38 1802 e
179 1749 250 1790 sed
285 1750 530 1791 electorum.

36 1807 117 1883 120
237 1820 345 1861 Η1110
377 1820 571 1874 adiungit
615 1833 675 1865 ea,
717 1833 822 1873 quae
868 1820 1115 1873 inquirenda
1147 1821 1348 1874 posuisti:
1403 1821 1704 1864 Secundum

37 1891 40 1903 '
177 1891 524 1945 euangelium
569 1892 782 1945 quidem
833 1892 1046 1933 inimici
1092 1895 1315 1946 propter
1359 1905 1467 1934 uos.
1519 1894 1701 1946 pretium

37 1966 42 2021 ι
175 1962 328 2015 quippe
373 1962 673 2016 redemptionis
719 1967 884 2005 nostrae
931 1964 1103 2017 sanguis
1145 1967 1211 2005 est
1244 1962 1415 2013 Christi,
1452 1964 1522 2017 qui
1556 1965 1700 2017 utique

115 2041 149 2069 2⁵
174 2045 252 2074 non
285 2034 365 2074 nisi
398 2034 447 2075 ab
481 2034 662 2075 inimicis
696 2035 836 2088 potuit
868 2035 1016 2076 oeeidi.
1051 2035 1119 2076 hie
1153 2038 1218 2076 est
1249 2036 1321 2076 ille
1354 2049 1457 2077 usus
1490 2036 1698 2077 malorum

289 2219 309 2252 6
335 2219 435 2254 Rom.
465 2220 518 2260 11.
545 2219 684 2253 25-26
749 2219 792 2253 15
819 2218 897 2254 Gal.
925 2220 957 2263 6,
986 2219 1028 2253 16
1106 2220 1148 2253 16
1174 2220 1191 2254 Ι
1218 2219 1296 2255 Cor.
1326 2221 1380 2263 10,
1409 2221 1451 2255 18
1523 2221 1564 2255 18
1594 2222 1694 2257 Rom.

173 2276 227 2319 11,
253 2276 409 2317 26—21;
439 2277 495 2311 Es.
524 2278 579 2314 59,
607 2277 744 2312 ’ΞΟ-21
823 2278 867 2311 22
895 2278 995 2314 Rom.
1026 2278 1080 2317 11,
1108 2278 1152 2313 28

220 2382 234 2416 1
264 2383 463 2427 profectum
490 2382 585 2420 HG:
612 2383 657 2425 cf.
679 2394 718 2426 p.
748 2385 838 2423 366,
859 2385 877 2416 1
926 2384 946 2417 2
974 2384 1137 2428 nequitia
1162 2384 1211 2418 M
1256 2385 1276 2419 3
1303 2384 1389 2418 mali
1419 2385 1519 2423 (εἰσί)
1548 2405 1590 2409 -
1620 2386 1694 2419 eius

169 2451 212 2475 m.
235 2444 260 2475 2
283 2441 324 2475 in
349 2452 435 2479 ras,
463 2442 512 2475 sic
539 2442 634 2475 illius
662 2443 846 2486 sapientae
874 2442 973 2484 (sies)
1002 2463 1045 2467 -—
1074 2454 1194 2477 eorum
1221 2443 1260 2477 in
1289 2453 1404 2487 mary.
1431 2455 1474 2478 m.
1496 2446 1521 2477 2
1547 2444 1632 2478 add.
1654 2444 1694 2478 Il

214 2500 392 2544 sapientia.
419 2500 463 2534 M
536 2502 556 2535 6
583 2501 649 2534 hoc
677 2505 936 2536 sacramentum
965 2501 1044 2538 edd.
1110 2503 1128 2536 7
1157 2503 1257 2537 satis.
1285 2513 1329 2536 m.
1358 2505 1383 2537 2
1408 2503 1487 2537 sitis
1519 2503 1552 2537 G
1610 2507 1630 2537 ὅ
1655 2504 1691 2537 in

167 2569 233 2593 om.
261 2559 330 2593 PG
356 2562 414 2602 (m.
441 2562 466 2594 2
493 2560 593 2603 (ald.)
628 2560 659 2593 V
753 2561 973 2595 subintraret
999 2561 1028 2595 V
1099 2562 1120 2596 9
1147 2574 1268 2596 omnes
1290 2562 1331 2596 H
1428 2562 1544 2606 lieret}
1568 2563 1636 2596 erit
1656 2564 1690 2596 A

168 2618 210 2652 12
237 2624 272 2652 et
298 2619 516 2653 sic—uocati
543 2623 627 2654 sunt
653 2631 718 2654 om.
741 2620 784 2654 II
834 2621 873 2654 13
901 2622 1004 2654 fieret
1022 2621 1058 2654 P
1083 2624 1141 2663 (m.
1163 2625 1182 2655 1
1208 2620 1228 2656 ,9
1252 2618 1289 2655 re
1318 2622 1401 2665 clel.)
1422 2622 1464 2655 K
1514 2623 1555 2656 14
1583 2633 1688 2655 uerus

46 2666 50 2715 }
164 2677 242 2711 edd.
264 2683 411 2721 praeter
438 2679 450 2712 l
548 2680 590 2713 16
619 2679 931 2713 uidete—carnem
960 2691 1026 2714 om.
1058 2680 1091 2715 G
1193 2682 1233 2715 18
1262 2693 1371 2726 exyon
1399 2682 1433 2715 A
1533 2681 1686 2725 auertat]

47 2726 51 2774 1
164 2735 302 2770 auferat
336 2736 367 2769 V
438 2736 483 2771 ‘20
510 2749 629 2771 eorum
657 2738 736 2771 edd.
762 2748 826 2772 sec.
863 2737 966 2782 Vuly.
1058 2740 1100 2773 ‘21
1130 2739 1341 2773 dilectorum
1368 2740 1404 2773 Ρ
1428 2750 1460 2773 m
1535 2741 1579 2773 24
1606 2750 1687 2773 san-

164 2795 281 2839 guinis
308 2796 358 2837 (111
385 2798 477 2840 exp.)
512 2797 544 2830 V
613 2797 657 2831 25
685 2797 838 2831 inimicis
866 2798 914 2841 (in
941 2809 968 2832 s.
996 2809 1030 2832 u.
1059 2809 1103 2832 m.
1131 2800 1165 2842 l)
1199 2798 1232 2832 V
