1924 3122
88 276 139 316 16

668 151 1018 196 epistularum
1058 150 1267 186 CXXXVII.
1650 154 1730 194 119

262 281 388 323 Venit
414 283 455 323 et
481 281 689 331 Christus,
712 281 976 333 complentur
1002 281 1041 322 in
1065 281 1154 322 eius
1178 283 1285 331 ortu,
1309 280 1410 330 uita,
1432 280 1568 331 factis,
1592 280 1730 330 dictis,

200 352 482 406 passionibus,
514 354 662 402 morte,
696 352 1016 401 resurrectione,
1057 352 1300 394 ascensione
1340 351 1476 393 omnia
1514 351 1733 405 praeconia

200 424 510 478 prophetarum.
543 423 679 464 mittit
716 423 911 476 spiritum
951 426 1158 471 sanctum,
1198 424 1348 477 implet
1385 423 1529 464 fideles
1569 435 1652 464 una
1689 422 1731 463 in

201 495 322 536 domo
357 496 632 549 congregatos
665 495 707 535 et
739 493 816 535 hoc
849 493 990 546 ipsum
1024 493 1280 546 promissum
1314 494 1467 535 orando
1496 506 1542 535 ac
1571 493 1733 535 deside-

157 566 325 607 ⁵rando
377 566 657 618 expectantes.
708 563 871 618 impleti
917 565 1059 605 autem
1103 566 1246 605 sancto
1300 564 1451 616 spiritu
1501 564 1733 617 loquuntur

140 934 171 958 10

138 1290 170 1315 15

197 639 368 690 repente
412 636 569 691 linguis
615 635 802 677 omnium
848 635 1052 689 gentium,
1098 637 1282 689 arguunt
1332 635 1506 676 fidenter
1557 648 1730 684 errores,

197 707 437 762 praedicant
458 707 777 748 saluberrimam
804 706 1039 757 ueritatem,
1062 707 1333 748 exhortantur
1353 706 1404 747 ad
1430 707 1730 759 paenitentiam

198 778 445 832 praeteritae
496 777 720 832 culpabilis
772 777 897 827 uitae,
943 776 1250 831 indulgentiam
1302 777 1352 818 de
1403 777 1547 818 diuina
1598 778 1733 831 gratia

197 850 462 903 pollicentur.
501 848 857 902 praedicationem
895 848 1066 901 pietatis
1106 861 1312 901 ueraeque
1352 848 1567 903 religionis
1613 848 1733 903 signa

197 920 469 975 congruentia
501 922 541 961 et
573 919 778 961 miracula
811 921 1136 972 consequuntur.
1173 919 1377 961 excitatur
1415 920 1621 961 aduersus
1661 932 1731 961 eos

198 1005 325 1034 saeua
362 991 603 1040 infidelitas,
636 991 818 1032 tolerant
854 990 1082 1044 praedicta,
1117 993 1287 1044 sperant
1324 991 1546 1045 promissa,
1581 990 1734 1032 docent

196 1066 428 1118 praecepta.
463 1075 633 1103 numero
667 1061 807 1116 exigui
837 1075 909 1115 per
943 1062 1145 1103 mundum
1180 1062 1521 1112 disseminantur,
1550 1061 1730 1116 populos

195 1133 379 1175 mirabili
410 1133 615 1174 facilitate
643 1134 908 1181 conuertunt,
934 1132 1043 1174 inter
1068 1132 1263 1174 inimicos
1291 1135 1510 1187 augentur,
1537 1145 1731 1186 persecu-

195 1205 381 1246 tionibus
409 1206 617 1254 crescunt,
644 1216 718 1257 per
744 1203 1022 1245 afflictionum
1050 1204 1268 1258 angustias
1296 1217 1429 1257 usque
1457 1204 1498 1245 in
1525 1207 1730 1245 terrarum

196 1279 380 1318 extrema
435 1276 676 1317 dilatantur.
737 1288 783 1316 ex
840 1274 1169 1329 inperitissimis‚
1222 1288 1268 1317 ex
1318 1275 1634 1325 abiectissimis,
1685 1287 1731 1316 ex

195 1347 464 1402 paucissimis
514 1347 828 1395 inluminantur,
874 1346 1164 1397 nobilitantur,
1217 1347 1565 1401 multiplicantur.
1616 1359 1732 1401 prae-

197 1419 432 1461 clarissima
480 1418 659 1473 ingenia,
705 1418 942 1459 cultissima
993 1418 1161 1472 eloquia
1210 1418 1507 1471 mirabilesque
1559 1418 1730 1472 peritias

316 1546 335 1579 3
362 1546 440 1580 Act.
468 1546 500 1589 2,
527 1546 564 1586 23
593 1546 614 1579 4

246 1631 260 1663 1
292 1632 326 1662 et
353 1640 421 1663 om.
449 1629 495 1663 M
519 1611 602 1673 crgo
630 1628 672 1662 K
766 1628 964 1673 completur
993 1628 1024 1662 (J
1053 1630 1111 1671 (m.
1139 1630 1164 1662 2
1190 1628 1426 1673 complentur)
1454 1628 1593 1662 DWH
1616 1631 1675 1670 (m.
1705 1631 1728 1662 3

197 1688 432 1733 complentur)
458 1687 538 1723 RK
632 1690 722 1730 orto,
748 1699 792 1721 m.
822 1689 847 1721 2
872 1688 952 1721 ortu
983 1687 1034 1721 W
1129 1687 1235 1721 dictis
1262 1687 1368 1721 factis
1394 1687 1474 1723 edd.
1598 1688 1618 1721 2
1647 1699 1726 1732 pas-

196 1747 294 1781 sione
325 1746 389 1781 GR
487 1746 710 1790 ascensione}
740 1748 775 1780 et
802 1746 1011 1780 ascensione
1039 1746 1081 1779 K
1168 1747 1189 1781 3
1216 1747 1396 1791 sanctum]
1425 1757 1527 1780 suum
1554 1746 1597 1780 H
1691 1747 1728 1781 in

196 1817 266 1839 una
292 1805 395 1839 domo
430 1805 478 1839 W
500 1805 534 1839 in
563 1804 667 1839 domo
695 1816 766 1839 una
791 1805 839 1839 M
909 1807 931 1839 4
958 1805 1217 1851 congregafites‚
1244 1816 1288 1839 m.
1310 1808 1329 1838 1
1357 1815 1447 1839 corr.
1476 1808 1727 1850 congregatos

202 1865 251 1899 W
345 1864 488 1903 oranda.
515 1876 560 1898 m.
587 1867 606 1898 1
632 1875 722 1899 corr.
751 1864 884 1898 orando
912 1864 961 1899 M
1054 1876 1095 1900 ac
1122 1864 1359 1899 desiderando
1386 1876 1452 1900 om.
1481 1865 1525 1899 H
1619 1868 1727 1910 atque

196 1925 231 1958 B
256 1924 335 1958 edd.
364 1928 400 1958 et
425 1925 460 1958 P
532 1926 552 1957 ἴ)
579 1926 786 1970 spectantes
815 1924 856 1958 K
950 1924 1108 1968 impletis
1135 1927 1165 1969 (s
1192 1924 1276 1967 del.)
1304 1924 1348 1958 H
1447 1925 1576 1970 spiritu
1604 1927 1727 1959 sancto

195 1982 443 2018 DWBHKP
465 1983 544 2017 edd.
620 1983 640 2016 6
667 1983 777 2028 lingis
809 1982 841 2016 T
912 1982 1018 2016 fidem·
1045 1985 1062 2017 t
1087 1995 1184 2018 rores
1209 1984 1245 2017 B
1320 1984 1338 2017 7
1367 1983 1621 2018 saluberrima*
1639 1983 1728 2027 (fuit

194 2046 224 2079 s)
252 2042 294 2075 K
317 2042 507 2076 salubriter
533 2042 804 2076 saluberrimam
839 2040 887 2076 W
1031 2046 1066 2077 et
1097 2043 1288 2077 hortantur
1317 2042 1381 2078 (JR
1414 2046 1608 2086 exortatur,
1636 2053 1726 2076 corr.

195 2104 400 2135 exortantur
431 2100 482 2134 W
591 2101 818 2146 pentendam
850 2101 881 2136 0
903 2101 1159 2146 paenitendam
1185 2101 1221 2136 R
1344 2102 1365 2136 S
1392 2102 1602 2147 culpabiles,
1630 2113 1674 2135 m.
1703 2103 1729 2135 2

195 2160 383 2206 culpabilis
415 2161 466 2194 W
556 2160 786 2206 indulgentia
811 2160 1014 2205 (dulgentia
1038 2172 1065 2195 s.
1086 2165 1137 2203 u.)
1158 2161 1197 2196 D
1272 2162 1292 2195 9
1319 2161 1614 2206 praedictionem,
1636 2173 1680 2196 m.
1705 2164 1728 2194 3

194 2218 497 2264 praedicationem
518 2219 561 2253 H
631 2220 794 2264 pietatis]
822 2220 987 2254 ueritatis
1008 2220 1089 2254 ΒΗ
1162 2231 1330 2265 ueraque,
1357 2231 1448 2255 corr.
1477 2231 1654 2265 ueraeque
1682 2220 1732 2253 W

241 2277 399 2319 relionis,
425 2289 469 2312 m.
497 2280 523 2312 2
548 2278 733 2322 religionis
765 2277 796 2312 C
904 2279 946 2313 10
974 2281 1010 2313 et
1036 2289 1116 2318 om.,
1143 2289 1187 2313 m.
1218 2282 1241 2313 3
1268 2278 1354 2314 adel.
1381 2279 1423 2313 H
1522 2280 1560 2313 ll
1592 2279 1726 2324 praedi,

193 2347 238 2371 m.
264 2338 290 2371 2
314 2337 521 2382 praedicata
546 2337 591 2371 H-
683 2340 864 2383 spernant.
891 2349 935 2372 m.
962 2341 982 2373 1
1007 2348 1096 2373 corr.
1124 2342 1298 2383 spernunt
1324 2338 1359 2372 B
1459 2339 1501 2372 12
1529 2338 1657 2381 exiguo
1691 2337 1729 2371 II

241 2395 519 2440 desemfflantur,
539 2407 629 2431 corr.
646 2399 702 2440 (m.
727 2399 746 2430 1
766 2396 798 2440 1³)
819 2396 1100 2435 disseminantur
1119 2398 1167 2432 M
1238 2397 1399 2443 populus,
1415 2408 1505 2432 corr.
1528 2397 1679 2442 populos
1700 2396 1730 2429 (J

197 2456 238 2490 13
264 2455 441 2490 facilitate
468 2455 624 2490 mirabili
651 2455 732 2490 edd.
806 2455 983 2491 felicitate
1010 2456 1053 2491 K
1129 2460 1336 2502 arguentur,
1363 2468 1407 2491 m.
1438 2459 1461 2491 3
1488 2458 1660 2499 urgentur
1688 2455 1730 2488 ll

197 2514 239 2548 14
276 2513 529 2555 adflictionem,
570 2526 603 2549 a.
642 2527 686 2550 m.
725 2520 765 2550 ut
801 2516 879 2550 uid.
918 2515 1165 2551 adflictionum
1197 2516 1248 2550 JV
1276 2516 1508 2550 afflictionem
1536 2514 1584 2548 M
1614 2518 1672 2558 (m.
1702 2516 1727 2548 2

195 2572 444 2617 afflictionum)
466 2573 507 2607 K
556 2574 598 2609 15
619 2586 658 2608 ex
680 2574 949 2619 abiectissimis}
973 2579 1009 2610 et
1029 2574 1282 2610 abiectissimis
1309 2575 1415 2610 TllR
1490 2586 1529 2608 ex
1551 2573 1724 2618 paucissi-

195 2631 277 2675 mis]
299 2635 334 2666 et
355 2632 578 2676 paucissimis
603 2632 762 2668 ΤΗΕΡι
816 2634 858 2667 17
879 2634 1083 2678 eloqua,'m.
1100 2636 1125 2668 2
1145 2634 1289 2679 eloquia
1307 2634 1337 2668 C
1407 2632 1653 2676 mirabilisque
1680 2630 1730 2665 W

196 2692 254 2732 (m.
292 2692 318 2724 2
362 2691 629 2735 mirabilesque)
670 2692 718 2726 M
759 2693 818 2737 (m.
856 2695 874 2726 1
912 2703 1002 2727 corr.
1041 2693 1310 2738 mirabilesque)
1350 2691 1651 2735 admirabilesque
1690 2691 1726 2724 Β

244 2749 605 2793 peritias-acutorum
632 2761 674 2785 ex
699 2751 829 2796 peritia
847 2752 849 2795 ζ
866 2754 1071 2786 sacutorum
1097 2755 1138 2786 ut
1166 2752 1240 2786 ιιίά.
1261 2751 1308 2785 Μ
1379 2751 1542 2796 peritias]
1569 2762 1669 2796 pmas
1691 2752 1723 2784 A
