1952 3118
655 192 1002 237 epistularum
1041 191 1180 226 CLVII.
1589 194 1671 235 471

153 323 453 365 ecclesiasticis
481 322 744 364 sermonibus
772 322 965 371 diximus,
994 322 1190 375 quoniam
1219 321 1386 363 fuerunt
1412 322 1537 363 etiam
1566 321 1676 375 apud

152 407 226 436 nos
259 394 441 447 quidam.
481 393 565 446 qui,
605 393 861 446 ubicumque
894 395 1100 446 poterant,
1141 393 1243 433 haec
1277 393 1341 433 sui
1381 393 1530 434 erroris
1569 405 1676 434 noua

154 465 312 506 semina
338 467 593 518 spargerent.
623 476 799 517 quorum
828 463 1047 504 nonnullos
1073 476 1147 516 per
1179 463 1459 504 ministerium
1486 465 1675 505 nostrum

151 538 409 588 fratrumque
436 540 674 576 nostrorum
701 534 986 575 misericordia
1015 534 1170 575 domini
1191 534 1240 575 ab
1262 534 1334 574 illa
1354 537 1471 588 peste
1498 534 1676 576 sanauit.

106 619 225 648 51166
256 610 394 647 tamen
435 605 501 646 liic
541 605 685 646 deesse
724 605 886 657 aliquos
927 605 1104 646 arbitror
1142 605 1319 645 maxime
1359 604 1468 657 apud
1508 604 1677 645 Cartha-

152 677 304 729 ginem,
339 677 410 718 sed
444 677 526 717 iam
561 677 725 718 occulte
758 676 988 717 mussitant
1020 676 1218 718 timentes
1245 676 1447 718 ecclesiae
1474 676 1677 717 fundatis-

152 748 300 789 simam
334 748 472 789 fidem.
507 761 602 788 nam
634 760 744 789 unus
778 759 920 788 eorum
954 747 1119 788 nomine
1154 747 1389 789 Caelestius
1415 747 1455 788 in
1489 747 1678 787 eiusdem

152 818 338 860 ciuitatis
359 819 538 860 ecclesia
558 819 640 859 iam
661 818 711 859 ad
731 818 981 871 presbyterii
1002 818 1200 859 honorem
1222 818 1446 871 subrepere
1473 822 1678 871 coeperat,

152 888 224 930 sed
268 888 515 930 fidelissima
558 888 750 930 libertate
801 889 975 929 fratrum
1027 891 1197 943 propter
1246 888 1321 929 has
1371 888 1485 941 ipsas
1538 891 1680 930 contra

95 977 126 1002 ιο
153 959 308 1001 Christi
354 960 530 1014 gratiam
575 959 884 1013 disputationes
930 972 1064 1013 usque
1103 959 1152 1000 ad
1191 959 1395 1001 iudicium
1441 960 1679 1013 episcopale

151 1030 378 1084 perductus
412 1034 488 1072 est.
522 1034 659 1072 tamen
694 1033 865 1072 coactus
893 1034 958 1072 est
983 1031 1173 1072 confiteri
1204 1034 1373 1084 propter
1404 1029 1678 1084 baptizandos

152 1102 364 1155 paruulos,
388 1102 499 1154 quod
525 1105 567 1143 et
591 1102 695 1155 ipsis
722 1102 953 1155 redemptio
981 1102 1037 1143 sit
1062 1102 1305 1143 necessaria.
1334 1102 1404 1144 ubi
1427 1114 1681 1156 quamquam

151 1172 331 1213 noluerit
363 1173 411 1213 de
445 1173 638 1227 originali
676 1177 847 1227 peccato
889 1173 1127 1226 expressius
1160 1173 1319 1226 aliquid
1352 1174 1501 1215 dicere.
1540 1176 1679 1214 tamen

151 1243 285 1297 ipsius
319 1244 619 1297 redemptionis
654 1244 818 1285 nomine
852 1257 931 1285 non
964 1257 1110 1298 parum
1144 1244 1224 1285 sibi
1258 1245 1539 1297 praescripsit.
1572 1243 1682 1284 unde

95 1333 126 1357 15
152 1314 259 1354 enim
292 1314 520 1355 redimendi
556 1317 655 1356 sunt
687 1315 767 1356 nisi
795 1328 817 1355 a
844 1315 1000 1356 diaboli
1032 1318 1257 1368 potestate.
1291 1317 1328 1356 in
1359 1329 1441 1369 qua
1474 1327 1566 1356 esse
1598 1326 1679 1354 non

150 1388 322 1436 possent
368 1386 446 1426 nisi
493 1385 708 1439 originalis
755 1385 1011 1440 obligatione
1062 1386 1251 1439 peccati?
1303 1388 1376 1426 aut
1420 1397 1500 1438 quo
1545 1383 1679 1437 pretio

149 1455 412 1497 redimuntur
444 1457 523 1497 nisi
558 1456 713 1498 Christi
746 1457 963 1511 sanguine,
998 1457 1047 1498 de
1075 1470 1156 1510 quo
1184 1457 1447 1511 apertissime
1476 1455 1679 1508 scriptum

152 1529 229 1575 est,
276 1527 386 1580 quod
424 1527 464 1568 in
504 1527 793 1569 remissionem
839 1529 997 1569 effusus
1037 1529 1093 1570 sit
1130 1529 1427 1582 peccatorum?
1469 1526 1544 1568 sed
1582 1526 1681 1579 quia

152 1599 285 1651 magis
319 1600 540 1640 conuictus
575 1602 616 1640 et
648 1599 698 1640 ab
732 1599 911 1641 ecclesia
949 1600 1183 1641 detestatus
1224 1612 1348 1652 quam
1389 1600 1604 1640 correctus
1638 1600 1681 1638 et

94 1688 128 1713 20
152 1675 325 1723 pacatus
371 1671 590 1712 abscessit.
643 1671 804 1712 ueritus
850 1683 957 1714 sum.
1009 1684 1059 1712 ne
1104 1672 1211 1713 forte
1256 1672 1346 1724 ipse
1389 1670 1448 1711 ibi
1494 1669 1562 1719 sit,
1608 1669 1679 1722 qui

153 1745 337 1782 uestram
377 1741 501 1783 tidem
541 1742 784 1794 perturbare
824 1745 1014 1785 conatur:
1055 1742 1147 1784 ideo
1188 1741 1369 1783 nominis
1402 1741 1537 1795 ipsius
1571 1753 1680 1781 com-

154 1812 495 1854 memorationem
536 1813 683 1865 putaui
724 1825 816 1854 esse
855 1813 1099 1855 faciendam.
1139 1813 1211 1855 sed
1251 1813 1341 1854 siue
1379 1813 1468 1865 ipse
1502 1812 1559 1853 sit
1591 1812 1681 1852 siue

154 1883 223 1923 alii
258 1886 472 1924 consortes
507 1883 596 1925 eius
632 1884 780 1925 erroris
809 1909 864 1912 —
892 1884 1032 1937 plures
1067 1885 1174 1925 enim
1210 1887 1322 1931 sunt,
1356 1896 1481 1937 quam
1515 1895 1680 1936 sperare

154 1966 395 2006 possumus,
442 1957 494 1996 et.
541 1954 612 1995 ubi
658 1967 736 1995 non
782 1955 1103 2007 redarguuntur,
1151 1955 1277 1996 etiam
1323 1955 1427 1996 alios
1469 1954 1519 1995 ad
1560 1966 1679 1995 suam

255 2072 272 2104 Τ
290 2071 331 2105 cs.
349 2071 450 2105 Oros.
466 2071 544 2105 libr.
560 2072 702 2115 apolog.
718 2084 743 2106 c.
761 2073 853 2105 3-4
868 2072 999 2113 (CSEL
1018 2072 1045 2105 V
1062 2084 1093 2117 p.
1105 2071 1306 2114 606—609)
1359 2072 1402 2105 13
1419 2070 1548 2105 Matth.
1563 2069 1619 2112 26,
1635 2070 1680 2103 ‘20'

205 2142 218 2175 1
249 2141 342 2186 apud
370 2153 433 2175 nos
461 2142 570 2176 etiam
598 2141 628 2174 Τ
699 2143 719 2176 2
747 2142 978 2187 ubicumque]
1008 2142 1290 2187 quibuscumque
1316 2142 1350 2176 L
1424 2142 1444 2175 3
1471 2141 1679 2183 nonnullos]

154 2200 272 2234 nullus
298 2201 333 2233 P
404 2202 424 2233 6
453 2201 520 2234 iam
549 2201 584 2234 in
612 2201 749 2234 occulte
775 2201 810 2234 P
877 2204 896 2230 Η
924 2202 992 2235 iam
1021 2213 1087 2236 om.
1115 2201 1148 2235 L
1230 2204 1373 2245 ceperat
1402 2200 1471 2234 LT
1540 2200 1581 2233 10
1609 2198 1680 2232 dis-

155 2260 351 2302 putationis
379 2260 413 2293 1²
550 2260 753 2305 episcopale
780 2260 815 2293 1²
937 2261 974 2294 11
1006 2263 1181 2305 quoactus
1209 2261 1244 2295 P
1366 2259 1527 2294 confiteri
1553 2270 1620 2293 om.
1648 2258 1683 2291 P

202 2318 368 2362 paruulos
397 2318 632 2362 baptizandos
658 2318 772 2362 siquis
799 2329 889 2352 corr.
923 2319 955 2352 T
978 2318 1195 2362 baptizando
1223 2319 1392 2363 paruulos
1420 2319 1453 2352 Ι)
1564 2319 1605 2352 12
1634 2318 1683 2351 sit

154 2375 352 2421 redemptio
387 2377 417 2410 T
519 2377 578 2411 ubi
604 2389 673 2411 om.
702 2377 734 2409 Ι)
833 2379 874 2411 13
902 2377 1038 2422 aliquid
1066 2378 1265 2423 expressius
1292 2378 1370 2412 edd.
1474 2379 1515 2412 14
1542 2379 1619 2423 ipso
1654 2377 1686 2411 T

147 2435 272 2478 flrm
352 2437 392 2469 15»
420 2440 540 2470 essent
571 2435 603 2469 T
626 2447 659 2470 m
757 2437 826 2470 nisi
853 2447 920 2470 om.
947 2437 982 2470 P
1076 2437 1232 2479 diabolo,
1259 2449 1303 2471 m.
1335 2441 1350 2470 1
1375 2448 1464 2472 corr.
1493 2437 1628 2471 diaboli
1650 2436 1684 2469 P

159 2495 198 2527 1⁴5
226 2498 386 2538 possunt,
413 2506 457 2529 m.
486 2498 504 2528 1
529 2506 646 2538 supra
673 2500 819 2539 possent
845 2495 879 2528 L
977 2496 1142 2541 originali
1165 2497 1197 2530 1¹
1294 2497 1507 2539 obligationi
1532 2496 1562 2529 C
1585 2500 1641 2537 (m.
1668 2498 1683 2529 l

156 2564 245 2587 corr.
273 2553 511 2598 obligatione)
546 2556 575 2587 l)
699 2555 739 2588 17
768 2555 943 2598 sanguine
971 2555 1095 2589 christi
1128 2555 1159 2588 T
1282 2556 1322 2589 18
1350 2556 1383 2589 in
1412 2555 1621 2589 remissione
1650 2554 1686 2587 P

203 2612 351 2646 effusum
382 2613 444 2647 (JO
469 2616 527 2655 (m.
556 2616 581 2647 2
607 2614 753 2657 effusus)
780 2614 879 2647 fusus
907 2614 939 2647 T
1012 2615 1053 2648 19
1081 2615 1292 2648 coniunctus
1313 2615 1347 2648 P
1444 2620 1627 2658 correptus
1655 2614 1686 2647 T

156 2672 200 2704 20
228 2675 394 2715 peccatus
424 2671 456 2704 1¹
551 2671 601 2705 ibi
628 2672 675 2705 sit
700 2672 777 2716 ipse
796 2673 925 2715 [ΙΙ-7η
999 2673 1039 2706 21
1071 2673 1406 2707 commemoratione
1435 2673 1468 2706 1¹
1547 2673 1592 2706 22
1619 2671 1681 2706 sed

156 2729 223 2763 sibi
250 2731 325 2774 ipse
354 2731 388 2763 Ρ
481 2730 526 2764 24
553 2742 737 2774 possemus
764 2731 799 2764 P
824 2731 1000 2775 possimus
1027 2731 1082 2765 L‘
1165 2732 1208 2765 ad
1237 2743 1334 2765 suam
1364 2733 1514 2775 sectam}
1544 2731 1588 2765 ad
1616 2742 1683 2765 sua.

157 2788 227 2823 ista
256 2788 388 2823 CUPL
