1952 3118
683 125 1033 169 epistularum
1073 124 1212 159 CLVII.
1622 127 1707 168 467

181 253 402 301 derideret,
445 252 536 294 ideo
577 252 633 293 ait
673 253 912 306 apostolus:
946 253 1112 306 Usque
1153 253 1277 295 enim
1311 253 1366 295 ad
1405 254 1565 308 legem
1605 267 1708 308 pet·-

181 327 344 365 eatum
378 324 424 364 in
460 323 637 364 mundo
671 323 788 370 fuit:
823 326 1086 376 peccatum
1120 327 1283 365 autem
1318 337 1407 366 non
1441 324 1708 378 deputaba-

181 398 273 444 tur,
321 406 424 435 cum
472 395 545 436 lex
592 406 683 435 non
729 397 878 435 esset.
926 407 1004 436 non
1050 394 1154 436 dixit
1197 399 1289 436 ‘non
1336 398 1450 445 erat‘‚
1491 395 1564 437 sed
1603 400 1707 437 ‘non

180 465 542 519 deputabatur'‚
571 465 668 518 quia
692 465 757 506 lex
784 478 862 507 non
891 468 991 516 erat,
1014 479 1094 519 qua
1121 468 1321 521 arguente
1342 466 1709 517 demonstraretur,

139 553 154 576 ε,
179 536 270 577 siue
302 536 365 576 lex
398 536 571 577 rationis
604 536 644 576 in
678 536 854 589 paruulo
889 536 979 577 siue
1011 537 1075 577 lex
1106 536 1271 578 litterae
1304 537 1343 577 in
1378 538 1547 591 populo.

64 607 116 649 19
239 605 332 648 Sed
359 607 606 661 regnauit,
635 607 784 659 inquit.
812 620 942 648 mors
964 607 1018 648 ab
1042 607 1191 648 Adam
1219 620 1376 661 usque
1404 608 1461 649 ad
1488 609 1705 662 Moysen,

178 678 275 730 quia
308 691 380 718 nec
414 678 476 718 lex
510 691 583 732 per
614 678 789 731 Moysen
824 678 919 719 data
952 679 1092 731 potuit-
1129 691 1303 732 regnum
1345 679 1491 720 mortis
1532 679 1706 721 auferre.

177 748 287 802 quod
327 749 416 790 sola
455 749 612 790 Christi
652 749 831 790 abstulit
868 749 1014 804 gratia.
1054 749 1094 790 in
1134 762 1238 802 qnos
1279 753 1419 791 autem
1455 750 1706 804 regnauerit.

178 819 293 860 uide:
327 819 385 861 Et
418 820 462 861 in
499 832 592 869 eos,
631 819 782 873 inquit.
818 820 900 873 qui
935 832 1024 861 non
1064 823 1417 873 peccauerunt.
1452 820 1496 861 in
1531 820 1706 862 simili-

118 908 150 932 ιο
178 890 396 931 tudinem
437 890 892 943 praeuaricationis
926 889 1071 932 Adae.
1111 890 1306 944 regnauit
1339 903 1437 945 ergo
1472 894 1513 932 et
1545 891 1585 931 in
1619 904 1704 933 eos.

176 961 247 1014 qui
286 974 364 1002 non
404 964 696 1014 peccauerunt.
737 961 810 1002 sed
849 974 922 1002 cur
960 962 1213 1016 regnaue1·it‚
1257 962 1452 1011 ostendit,
1499 974 1594 1003 cum
1628 962 1704 1003 ait:

175 1033 226 1073 In
267 1032 647 1074 similitudinem
686 1032 1142 1085 praeuaricationis
1182 1033 1328 1074 Adae.
1368 1033 1449 1074 iste
1489 1033 1599 1075 enim
1641 1038 1704 1074 est

176 1103 324 1144 melior
341 1103 581 1144 intellectus
602 1104 752 1144 horum
773 1103 1011 1146 uerborum.
1034 1106 1095 1154 ut,
1117 1116 1212 1145 oum
1237 1104 1430 1145 dixisset:
1453 1104 1705 1158 Regnauit

174 1186 302 1215 mors
341 1174 386 1215 in
427 1187 524 1217 θος.
571 1174 652 1228 qui
694 1187 783 1215 non
823 1178 1173 1228 peccauerunt,
1220 1175 1340 1228 quasi
1384 1188 1458 1216 nos
1501 1179 1704 1218 moueret.

119 1262 147 1286 υ,
176 1257 301 1298 quare
340 1245 381 1286 in
422 1258 493 1286 eos
538 1245 791 1300 regnauerit,
837 1246 909 1298 qui
953 1258 1032 1286 non
1079 1249 1373 1299 peccauerunt,
1419 1246 1606 1288 adderet:
1651 1247 1702 1288 In

176 1316 568 1357 similitudinem
602 1316 1058 1370 praeuaricationis
1091 1317 1237 1367 Adae,
1271 1317 1313 1358 id
1347 1320 1410 1358 est
1443 1318 1540 1371 quia
1572 1318 1703 1359 inerat

174 1388 214 1428 in
249 1399 390 1428 eorum
424 1387 624 1428 membris
658 1387 892 1429 similitudo
926 1388 1295 1441 praeuaricationis
1329 1387 1455 1430 Adae.
1490 1390 1630 1442 potest
1663 1392 1704 1430 et

175 1458 235 1499 sie
261 1457 472 1512 intellegi:
506 1458 758 1513 Regnauit
790 1471 918 1499 mors
953 1459 1007 1499 ab
1041 1458 1192 1500 Adam
1225 1471 1381 1511 usque
1415 1459 1471 1500 ad
1497 1459 1700 1513 Moysen

175 1532 222 1570 et
260 1529 304 1570 in
346 1541 441 1579 eos,
483 1529 565 1582 qui
605 1542 695 1570 non
730 1530 776 1571 in
817 1530 1206 1571 similitudinem
1245 1530 1701 1583 praeuaricationis

112 1617 148 1642 20
175 1600 304 1642 Adae
354 1604 708 1654 peccauerunt,
759 1600 938 1654 quiam
986 1604 1119 1642 semet
1169 1602 1288 1654 ipsis.
1341 1614 1435 1643 cum
1481 1602 1563 1642 iam
1616 1602 1702 1643 nati

173 1675 324 1722 essent,
358 1685 430 1713 nec
464 1672 624 1713 ratione
658 1671 793 1713 adhuc
821 1674 1050 1722 uterentur,
1087 1686 1168 1726 qua
1195 1673 1263 1714 ille
1291 1673 1503 1716 utebatur.
1537 1673 1701 1726 quando

295 1811 309 1844 l
340 1811 440 1844 Rom.
467 1812 499 1854 Γ),
530 1811 572 1845 13
646 1812 684 1852 6;
712 1813 732 1845 9
760 1811 859 1845 Rom.
888 1813 920 1847 Γ),
952 1812 993 1845 14

220 1895 241 1927 2
274 1894 521 1939 imputabatur
552 1894 624 1928 LT
650 1894 693 1928 lr
724 1906 789 1929 see.
824 1895 926 1939 Vuly.
960 1894 1041 1938 (Gr.
1071 1894 1288 1940 ἐ),λογεῑται);
1322 1894 1385 1928 sed
1416 1905 1450 1927 u.
1480 1895 1632 1938 Auyust.
1661 1895 1704 1929 de

167 1957 400 1997 peccatorum
435 1953 570 1987 meriti-s
602 1958 634 1987 et
667 1954 874 1988 remissione
905 1957 937 1987 et
963 1954 1005 1987 cle
1037 1954 1217 1997 baptismo
1244 1954 1492 1997 paruulorum
1519 1953 1569 1987 ad
1594 1954 1701 1988 Mar-

171 2012 348 2046 avellinum
380 2013 405 2046 I
434 2014 490 2049 10,
527 2014 594 2045 12.-
626 2010 720 2053 Quid
760 2015 813 2045 est
852 2014 932 2045 ‘non
973 2011 1225 2056 deputabatur·
1266 2011 1334 2045 nisi
1373 2011 1627 2056 ‘ignorabatur'
1667 2020 1702 2046 et

173 2075 371 2116 ‘peccatum
399 2083 475 2106 esse
503 2083 572 2106 non
601 2071 832 2116 putabatur'?
929 2072 950 2104 3
977 2071 1050 2106 sed]
1080 2071 1141 2105 sed
1168 2071 1258 2105 dixit
1285 2070 1316 2104 L
1408 2073 1430 2105 4
1456 2072 1703 2116 imputabatur

176 2131 207 2164 L
234 2131 278 2165 ἰν
351 2131 665 2165 demonstrabatur
694 2131 756 2165 (Ὀ
829 2133 849 2165 5
877 2131 970 2164 siue*
999 2131 1143 2174 (fuitne
1168 2130 1179 2164 1
1207 2130 1238 2173 ?)
1267 2130 1299 2163 L
1379 2130 1414 2164 in
1441 2131 1608 2176 paruulos
1639 2132 1702 2165 (Ὀ

222 2191 315 2225 siue*
335 2192 474 2234 (fuitne
499 2191 510 2225 l
538 2190 570 2228 ,9)
599 2191 630 2224 L
717 2192 735 2224 7
764 2202 827 2236 per
853 2202 997 2235 moysen
1025 2191 1079 2224 lex
1107 2190 1192 2224 data
1218 2189 1250 2223 L
1278 2190 1331 2225 lex
1359 2190 1443 2224 data
1469 2201 1530 2235 per
1555 2190 1700 2234 Moysen

174 2250 253 2284 edd.
316 2250 336 2284 8
364 2251 514 2284 abstulit
541 2251 664 2285 christi
700 2251 729 2284 T
794 2252 814 2284 9
842 2250 924 2284 uide
952 2252 1002 2295 et]
1033 2249 1153 2284 uidete
1181 2253 1216 2284 et
1246 2250 1278 2283 l’
1302 2250 1424 2284 uidete
1451 2250 1483 2283 1,
1510 2249 1592 2284 uide
1619 2262 1699 2283 «mi.

174 2311 224 2351 et)
256 2309 288 2343 T
383 2312 433 2344 eis
462 2311 494 2344 l’
589 2311 623 2344 in
652 2310 887 2344 similitudine
915 2310 993 2345 edd.
1015 2313 1165 2353 praeter
1191 2321 1214 2343 a
1299 2309 1339 2343 1⁶2
1368 2309 1402 2343 in
1430 2308 1699 2343 similitudinem

170 2372 284 2412 postr.
319 2369 340 2403 l.
373 2380 450 2413 eccl).
487 2370 516 2401 (v
552 2370 587 2404 in
622 2369 859 2404 similitudine
892 2369 971 2404 edd.
1000 2372 1149 2412 praeter
1175 2381 1198 2403 a
1345 2372 1399 2403 est
1435 2368 1527 2402 enim
1567 2367 1598 2401 T
1621 2367 1699 2401 edd.

176 2428 218 2461 13
244 2439 337 2462 mors
363 2429 529 2473 regnauit
560 2430 589 2460 l)
655 2430 695 2463 14
722 2429 770 2473 in]
800 2432 835 2462 et
862 2429 897 2462 in
924 2429 959 2462 Ι)
1038 2428 1427 2473 quasi—peccauerunt
1455 2427 1518 2462 bis.
1546 2426 1700 2460 alterum

173 2497 251 2530 exp.
279 2486 312 2520 L
411 2491 570 2522 moneret
601 2488 679 2522 edd.
782 2488 823 2521 1.·›
851 2488 1057 2531 regnauerit
1083 2488 1117 2521 in
1146 2498 1205 2521 eos
1239 2487 1270 2520 T
1366 2485 1505 2520 addidit
1540 2485 1570 2518 T
1665 2485 1699 2519 in

175 2545 408 2581 similitudine
437 2558 493 2589 (fr
523 2553 630 2583 eras.)
662 2546 691 2582 C
714 2547 748 2581 in
777 2546 1014 2580 similitudine
1041 2546 1119 2582 edd.
1142 2550 1290 2591 praeter
1317 2558 1338 2578 a
1451 2546 1492 2579 16
1520 2545 1603 2588 quia
1631 2555 1697 2578 non

175 2605 292 2639 inerat
319 2606 352 2639 I’
438 2607 478 2640 17
507 2617 626 2640 eorum
656 2607 689 2640 in
717 2606 796 2640 edd.
874 2607 916 2640 19
944 2607 979 2640 in
1007 2605 1248 2648 similitudine
1276 2605 1376 2640 (³01³
1400 2604 1481 2639 edd.
1502 2607 1650 2646 praeter
1676 2614 1699 2636 α

172 2664 221 2698 20
246 2676 283 2698 se
311 2668 392 2706 (om.
419 2667 505 2705 met)
534 2665 597 2698 PL
697 2666 764 2699 iam
792 2676 857 2699 om.
889 2666 953 2697 (Ὺ)
1065 2664 1105 2698 ’21
1138 2664 1219 2708 quia
1251 2665 1279 2698 C
1303 2666 1327 2709 (i
1357 2664 1463 2698 erasi
1494 2662 1523 2696 O
1621 2666 1699 2695 ute-

176 2723 306 2758 bantur
331 2732 366 2757 <n
393 2727 485 2768 exp.)
513 2724 543 2757 Ι,

1587 2792 1650 2825 30*
