1844 3122
70 1334 101 1359 15

61 1689 98 1714 20

59 2042 93 2067 25

661 196 1016 241 epistularum
1056 196 1212 232 cxxlx.
1611 201 1663 241 37

136 328 231 366 runt
263 350 318 356 —
351 330 392 366 et
424 326 530 367 forte
563 326 753 368 fecerunt
784 326 920 380 ipsius
953 326 1202 368 conlationis
1236 328 1488 369 necessitate
1522 353 1577 357 —
1606 342 1664 369 ar-

136 396 271 438 chiuis
310 397 492 449 publicis
531 397 806 450 perscrutatis
851 397 1035 439 inuenire
1082 397 1180 439 olim
1227 411 1318 439 esse
1363 398 1524 440 finitam
1568 405 1665 452 post

135 466 418 508 ecclesiastica
463 467 632 518 iudicia,
684 468 838 521 quibus
883 468 1106 510 absolutus
1157 471 1222 510 est
1267 468 1544 519 Caecilianus,
1590 469 1662 511 illo

135 537 259 578 etiam
298 538 548 592 imperatore
586 539 811 589 iudicante,
853 538 902 580 ad
942 538 1062 580 cuius
1102 552 1271 581 examen
1311 552 1397 580 rem
1445 542 1575 581 totam
1623 544 1663 580 et

134 608 265 662 primo
307 609 510 650 miserunt
548 612 587 651 et
631 613 777 664 postea
821 610 1114 664 perduxerunt.
1159 610 1217 651 ibi
1263 613 1488 664 potuerunt
1533 611 1659 652 etiam

134 692 302 721 causam
329 680 482 722 Felicis
503 682 806 735 Aptungensis,
836 682 1085 723 ordinatoris
1114 681 1352 732 Caeciliani,
1381 694 1506 735 quem
1533 683 1660 723 malo-

132 763 223 791 rum
269 751 456 793 omnium
499 752 658 794 fontem
702 752 742 793 in
788 753 965 794 concilio
1011 765 1086 794 suo
1136 752 1335 801 dixerant,
1382 756 1660 807 cognoscente

131 821 303 863 Aeliano
338 824 588 876 proconsule
621 836 667 864 ex
699 827 921 877 praecepto
955 823 1143 865 eiusdem
1177 823 1441 878 imperatoris
1474 824 1658 865 inuenire

130 898 362 949 purgatam.

191 965 453 1020 Quamquam
487 969 528 1007 et
560 966 638 1008 hoc
672 966 707 1007 si
741 965 1019 1007 adtenderunt
1044 967 1098 1016 et,
1127 966 1238 1019 quod
1265 966 1386 1008 facile
1414 966 1562 1017 fuerat,
1591 966 1657 1007 ad-

130 1039 344 1079 uerterunt
394 1037 434 1078 iu
487 1037 706 1091 scripturis
758 1037 914 1079 sanctis
967 1037 1186 1079 ecclesiam
1235 1037 1392 1079 Christi
1442 1037 1656 1091 permixtis

130 1109 297 1151 zizaniis
337 1111 378 1150 et
418 1110 536 1163 palea
574 1112 616 1151 et
653 1109 843 1163 piscibus
882 1109 1005 1150 malis
1044 1109 1229 1150 futuram
1270 1122 1362 1151 esse
1406 1109 1654 1163 promissam

126 1192 260 1233 usque
293 1180 341 1221 ad
375 1183 543 1234 tempus
576 1181 741 1231 messis,
774 1180 1063 1222 uentilationis
1097 1182 1139 1222 et
1174 1180 1326 1230 litoris,
1359 1180 1507 1233 utique
1545 1180 1656 1234 cogi-

126 1255 212 1292 tare
251 1254 489 1305 potuerunt,
529 1252 696 1293 etiamsi
740 1252 892 1292 malam
933 1264 1103 1293 causam
1139 1251 1401 1294 Caecilianus
1440 1254 1482 1293 et
1519 1252 1653 1304 coepi-

128 1322 243 1376 scopi
295 1322 384 1364 eius
430 1323 690 1371 habuissent,
735 1323 839 1364 nihil
884 1335 953 1365 eos
999 1322 1283 1377 praeiudicare
1329 1322 1520 1376 potuisse
1565 1321 1654 1363 orbi

126 1392 378 1443 Christiano,
411 1406 535 1447 quem
569 1394 671 1435 deus
705 1394 851 1448 paucis
885 1394 1150 1436 credentibus
1182 1396 1299 1436 tanto
1333 1396 1426 1434 ante
1460 1393 1654 1447 promisit

125 1467 165 1505 et
198 1477 306 1506 nunc
337 1465 484 1506 multis
510 1465 754 1506 uidentibus
780 1465 975 1514 reddidit,
997 1466 1078 1506 nisi
1100 1465 1204 1507 forte
1232 1465 1326 1518 plus
1354 1466 1497 1506 contra
1523 1464 1652 1505 eccle-

126 1535 229 1576 siam
264 1536 400 1577 ualuit
433 1536 555 1577 homo
589 1549 764 1590 peccans
798 1549 922 1589 quam
960 1549 1032 1590 pro
1072 1536 1250 1578 ecclesia
1287 1536 1389 1577 deus
1427 1535 1568 1577 iurans
1611 1538 1652 1576 et

124 1606 339 1659 iniquitas,
385 1607 495 1660 quod
541 1607 696 1656 amisit,
743 1620 868 1660 quam
914 1607 1084 1658 ueritas,
1131 1607 1241 1661 quod
1292 1607 1498 1660 promisit.
1551 1606 1650 1647 haec

125 1677 278 1718 sentire
310 1690 434 1730 quam
474 1677 530 1719 sit
567 1678 747 1719 stultum
786 1680 828 1719 et
863 1678 1056 1731 impium,
1094 1677 1177 1719 iam
1217 1678 1396 1719 fortasse
1434 1676 1649 1719 uiderunt:

122 1748 415 1802 cogitauerunt
452 1761 618 1802 quoque
663 1748 881 1791 damnatos
921 1762 943 1790 a
982 1762 1025 1790 se
1065 1748 1411 1797 Maximianistas‚
1453 1746 1649 1788 Primiani

121 1819 399 1869 damnatores,
432 1832 505 1873 per
534 1822 767 1873 potestates
799 1822 983 1861 terrenas
1017 1820 1143 1862 etiam
1178 1820 1227 1861 de
1261 1818 1446 1861 basilicis
1481 1830 1648 1860 curasse

120 1890 336 1943 pellendos
369 1893 411 1932 et
442 1891 501 1932 ibi
534 1890 689 1932 certius
723 1893 911 1944 exemplo
946 1904 1021 1933 suo
1049 1891 1276 1933 recentiore
1305 1890 1541 1931 didicerunt
1567 1902 1646 1930 non

120 1973 212 2002 esse
244 1964 478 2015 Jeccatum.
506 1962 541 2004 si
573 1963 657 2003 tale
691 1962 846 2016 aliquid
881 1962 1061 2004 ecclesia
1092 1964 1233 2004 contra
1259 1961 1437 2003 rebelles
1470 1972 1569 2001 suos
1597 1959 1646 2000 ab

119 2031 243 2073 huius
277 2033 391 2074 modi
417 2033 700 2086 potestatibus
727 2033 933 2087 postulat;
968 2036 1010 2075 et
1036 2033 1148 2087 quod
1173 2033 1337 2086 aliquos
1365 2045 1411 2074 ex
1438 2031 1646 2073 damnatis

117 2105 264 2156 postea
294 2107 553 2158 receperunt,
587 2116 691 2157 quos
732 2117 827 2146 cum
867 2104 1123 2154 damnarent,
1156 2104 1249 2146 aliis
1288 2104 1415 2145 etiam
1453 2101 1646 2155 plurimi>-

118 2174 157 2215 in
191 2174 333 2216 eadem
367 2175 569 2216 societate
601 2175 845 2217 schismatis
879 2175 1124 2217 constitutis
1158 2175 1401 2216 dilationem
1429 2173 1644 2216 dederunt.

118 2257 222 2297 qnos
267 2245 306 2286 iu
349 2245 591 2287 Maximiani
636 2246 829 2300 sacrilegi
875 2246 1033 2288 surculi
1077 2246 1370 2288 communione
1414 2244 1645 2297 inpollutos

118 2315 323 2357 mansisse
356 2316 558 2367 dixerunt,
592 2318 633 2358 et
664 2317 922 2370 baptismum
956 2318 1025 2358 uel
1058 2330 1080 2358 a
1113 2316 1320 2358 damnatis
1362 2316 1429 2357 uel
1462 2327 1486 2375 a
1517 2314 1643 2356 sociis

117 2398 259 2428 eorum
305 2387 497 2440 quamuis
541 2387 641 2429 foris
685 2388 726 2429 in
772 2388 1001 2430 schismate
1046 2388 1191 2429 dat-um
1234 2386 1468 2428 rescindere
1519 2388 1644 2438 atque

118 2456 264 2499 iterare
296 2470 376 2499 non
410 2459 502 2500 ausi
534 2461 646 2507 sunt,
681 2458 784 2501 sat-is
818 2459 964 2513 utique
996 2459 1236 2500 iudicarunt
1269 2470 1328 2506 ea,
1363 2470 1467 2511 quae
1502 2459 1644 2498 contra

239 2618 277 2652 11
307 2619 434 2653 Matth.
466 2620 518 2656 13.
546 2620 705 2661 24—30;
733 2621 764 2659 3,
795 2621 852 2661 12;
886 2621 940 2660 13,
967 2621 1108 2655 47-48

164 2729 184 2762 3
217 2729 412 2769 absolutos,
446 2742 490 2765 m.
523 2733 541 2764 1
573 2742 663 2768 corr.
698 2709 882 2774 absolutos
915 2732 950 2767 P
1070 2733 1091 2767 6
1130 2732 1384 2777 *aptugnensis
1423 2731 1509 2774 (fuit
1548 2742 1577 2766 s>
1611 2731 1644 2764 P

118 2787 160 2820 12
188 2788 325 2832 paleam
353 2791 399 2830 (m
428 2800 471 2823 m.
500 2792 517 2823 1
543 2790 626 2826 dcl.)
656 2791 690 2824 P
763 2791 804 2825 18
832 2802 893 2836 pro
922 2791 1108 2837 ecclesiam
1136 2790 1170 2824 1³
1245 2791 1287 2824 19
1314 2790 1470 2824 ammisit
1500 2789 1531 2822 l'
