1952 3118
219 189 305 229 694
700 186 951 220 S.Aureli
991 186 1275 231 Augustini

218 317 321 369 ipse,
367 317 494 358 immo
541 317 676 370 magis
722 329 765 358 se
810 317 950 370 ipsum
997 319 1038 358 et
1076 331 1154 359 non
1202 331 1276 359 uos
1316 318 1448 360 fallat.
1502 332 1596 360 cum
1643 320 1749 360 0111111

219 387 377 428 auditis
419 401 513 428 eum
554 387 743 429 confiteri
784 388 961 442 gratiam
1004 388 1069 428 dei
1110 391 1149 429 et
1190 388 1444 430 adiutorium
1480 390 1559 438 dei,
1592 390 1751 443 putatis

220 459 298 499 1100
342 472 436 499 eum
478 459 627 509 dicere,
674 459 785 512 quod
825 462 866 500 et
905 472 996 509 uos,
1045 460 1115 513 qui
1158 460 1364 501 catholica
1402 461 1550 515 regula
1589 461 1751 515 sapitis,

220 529 432 581 quoniam,
474 530 574 583 quid
612 530 653 570 in
686 530 792 571 libro
834 543 908 571 suo
944 530 1174 584 scripserit,
1214 531 1432 585 ignoratis
1473 534 1643 584 propter
1675 533 1752 574 hoc

219 600 362 654 ipsum
388 601 545 642 librum
574 601 671 643 misi
707 605 747 643 et
773 615 929 652 meum,
965 615 1045 654 quo
1075 602 1112 643 ei
1139 603 1354 654 respondi;
1388 603 1496 644 unde
1530 604 1755 657 perspiciat
1797 618 1812 642 5

220 672 518 713 uenerabilitas
553 674 708 723 uestra,
751 686 874 726 quam
917 673 1094 728 gratiam
1134 673 1202 714 uel
1236 674 1494 715 adiutorium
1528 675 1593 715 dei
1628 674 1751 719 dicat.

220 743 385 794 quando
413 743 477 784 illi
507 743 702 794 obicitur,
737 744 848 797 quod
876 746 1033 798 gratiae
1063 745 1129 786 dei
1163 747 1205 785 et
1237 745 1445 786 adiutorio
1481 745 1751 788 contradicat.

221 813 394 866 proinde
435 815 607 856 ostende
646 815 708 856 illi
749 816 932 857 docendo
975 818 1015 856 et
1054 816 1258 857 hortando
1294 819 1336 857 et
1367 830 1440 870 pro
1476 817 1566 857 eius
1601 816 1752 866 salute,

222 898 328 938 quae
379 886 419 926 in
467 885 633 928 Christo
680 899 772 928 esse
819 887 957 936 debet,
1011 887 1178 929 orando.
1234 889 1281 928 ut
1326 899 1416 929 eam
1463 887 1528 928 dei
1576 888 1754 942 gratiam

222 957 485 1008 confiteatur,
520 971 645 1011 quam
672 958 903 1011 probantur
937 959 1071 1000 sancti
1105 959 1172 1000 dei
1204 959 1337 1000 fuisse
1373 959 1568 1009 confessi,
1604 972 1698 1000 cum
1732 972 1754 999 a
1782 973 1815 998 10

223 1028 391 1069 domino
428 1042 473 1069 ea
512 1030 594 1082 ipsi
627 1032 830 1082 peterent,
871 1043 976 1083 quae
1011 1030 1097 1072 illis
1130 1030 1305 1071 iubebat
1338 1032 1385 1071 ut
1416 1031 1616 1081 facerent,
1657 1044 1755 1083 quo-

223 1099 334 1139 niam
374 1113 507 1153 neque
547 1100 803 1151 iuberentur,
843 1101 924 1142 nisi
962 1103 1010 1142 ut
1042 1103 1186 1142 nostra
1218 1101 1416 1142 uoluntas
1451 1101 1755 1152 ostenderetur,

224 1183 356 1223 neque
401 1173 656 1224 peterentur,
702 1172 783 1212 nisi
829 1174 875 1213 ut
919 1173 1154 1213 uoluntatis
1195 1172 1416 1214 infirmitas
1457 1172 1507 1212 ab
1550 1172 1637 1221 1110,
1685 1172 1757 1225 qui

223 1242 420 1292 iusserat,
454 1242 683 1284 iuuaretur.

285 1313 438 1367 Aperte
489 1314 780 1369 interrogetur,
837 1317 980 1356 utrum
1033 1315 1070 1357 ei
1120 1316 1285 1368 placeat
1336 1315 1537 1357 orandum
1590 1328 1681 1356 esse
1735 1327 1816 1355 2115

227 1385 408 1435 domino,
443 1399 492 1427 ne
519 1399 760 1439 peccemus.
795 1387 903 1439 quod
934 1387 970 1428 si
997 1387 1033 1428 ei
1067 1387 1276 1440 displicet,
1310 1387 1478 1442 legatur
1509 1387 1549 1427 in
1585 1386 1755 1427 auribus

225 1456 316 1497 eius
345 1457 562 1508 apostolus
592 1457 752 1499 dicens:
789 1457 1012 1499 Oramus
1041 1461 1217 1499 autem
1253 1459 1312 1500 ad
1340 1458 1504 1509 deum,
1538 1472 1597 1499 ne
1632 1458 1755 1510 quid

225 1527 453 1569 faciatis
494 1529 635 1577 mali;
679 1529 714 1570 si
753 1532 894 1570 autem
935 1531 1086 1582 placet.
1133 1532 1274 1583 aperte
1314 1529 1527 1583 praedicet
1566 1529 1755 1584 gratiam.

227 1611 309 1651 qua
347 1599 558 1651 iuuamur,
599 1613 648 1641 ne
687 1601 777 1653 ipse
816 1600 943 1642 faciat
981 1602 1163 1642 multum
1205 1602 1317 1643 mali.
1359 1602 1436 1642 hac
1476 1601 1586 1642 enim
1625 1601 1759 1654 gratia

227 1670 293 1711 dei
327 1684 398 1724 per
435 1672 577 1712 Iesum
613 1671 829 1714 Christum
864 1673 1079 1714 dominum
1114 1675 1305 1715 nostrum
1339 1686 1483 1714 omnes
1515 1673 1757 1722 liberantur,
1785 1685 1818 1710 20

228 1742 486 1796 quicumque
519 1743 763 1793 liberantur,
798 1744 996 1797 quoniam
1029 1757 1148 1786 nemo
1190 1747 1354 1798 praeter
1392 1745 1528 1798 ipsam
1569 1743 1759 1797 quolibet

229 1813 310 1854 alio
350 1814 474 1855 modo
514 1814 682 1856 liberari
720 1817 874 1869 potest.
906 1818 1077 1869 propter
1117 1816 1196 1857 hoc
1237 1816 1439 1869 scriptum
1482 1818 1564 1856 est:
1607 1814 1759 1856 Sicut

228 1885 277 1925 in
313 1885 472 1926 Adam
502 1899 680 1928 omnes
709 1887 1023 1938 moriuntur,
1054 1888 1131 1928 010
1159 1889 1209 1928 et
1241 1888 1290 1928 in
1326 1886 1543 1928 Christo
1579 1899 1758 1928 omnes

230 1957 692 2009 uiuificabuntur,
744 1972 822 2000 non
875 1959 973 2012 quia
1026 1971 1146 2000 nemo
1200 1959 1479 2000 damnabitur.
1540 1958 1611 1999 sed
1664 1957 1760 2010 quia

231 2041 352 2069 nemo
394 2029 515 2070 aliter
552 2029 812 2079 liberabitur,
855 2031 964 2083 quia,
1006 2031 1117 2071 sicut
1156 2030 1262 2070 nulli
1302 2030 1381 2070 nisi
1414 2043 1487 2084 per
1517 2029 1651 2070 Adam
1685 2028 1760 2068 filii
1787 2041 1821 2067 25

231 2099 428 2150 hominis,
475 2100 533 2141 ita
573 2101 679 2141 nulli
718 2101 798 2142 nisi
836 2114 909 2155 per
948 2101 1165 2143 Christum
1204 2101 1279 2142 filii
1320 2101 1395 2142 dei.
1436 2113 1579 2142 omnes
1618 2101 1760 2152 itaque

230 2170 308 2211 filii
334 2171 516 2213 hominis
544 2173 710 2214 nonnisi
736 2186 809 2225 per
835 2173 970 2214 Adam
999 2175 1041 2214 et
1067 2186 1209 2214 omnes
1239 2186 1286 2214 ex
1313 2173 1372 2214 eis
1400 2173 1477 2213 filii
1505 2172 1570 2213 dei
1597 2171 1762 2213 nonnisi

231 2255 304 2294 per
331 2241 545 2285 Christum
571 2244 660 2284 fieri
686 2246 876 2296 possunt.
906 2246 1045 2297 aperte
1078 2245 1221 2298 itaque
1256 2244 1382 2285 etiam
1415 2244 1510 2285 hinc
1545 2243 1760 2296 exprimat,

233 2314 333 2366 quid
374 2315 541 2365 sentiat,
581 2317 724 2356 utrum
762 2315 927 2370 placeat
966 2316 1002 2356 ei
1042 2316 1168 2357 etiam
1208 2316 1421 2369 paruulos,
1468 2315 1539 2368 qui
1577 2313 1761 2354 nondum

231 2385 441 2426 iustitiam
461 2389 641 2439 possunt
660 2387 771 2427 uelle
793 2388 863 2428 uel
883 2387 1008 2436 nolle,
1035 2389 1173 2428 tamen
1198 2388 1366 2440 propter
1385 2399 1515 2427 unum
1537 2385 1760 2435 hominem,
1788 2399 1822 2424 30

234 2470 306 2510 per
358 2471 482 2511 quem
538 2460 822 2511 peccatum
878 2458 1115 2499 intrauit
1172 2458 1221 2498 in
1273 2457 1518 2498 mundum
1574 2461 1622 2497 et
1673 2469 1762 2509 per

357 2597 397 2630 17
424 2596 460 2630 II
488 2596 565 2632 Cor.
597 2597 650 2637 13,
679 2597 696 2630 7
772 2597 816 2631 ‘22
843 2597 860 2631 I
887 2596 966 2631 Cor.
996 2598 1049 2640 15,
1078 2598 1120 2631 22
1196 2597 1237 2631 31
1267 2597 1367 2631 Rom.
1396 2600 1427 2640 ἵ),
1458 2597 1499 2630 12

285 2683 323 2715 11
355 2692 430 2715 eam
465 2680 495 2714 U
593 2680 893 2724 quae—facerent
919 2692 985 2714 om.
1019 2681 1051 2715 U
1147 2680 1295 2714 uidebat
1330 2681 1363 2714 1⁷
1475 2681 1515 2713 19
1543 2682 1583 2713 ut
1621 2679 1687 2713 ΓΠ
1709 2681 1763 2722 (ut

235 2752 340 2776 eraso
366 2751 481 2784 supra
508 2751 577 2774 ras.
609 2740 694 2774 add.
721 2743 778 2783 ne)
807 2741 850 2774 Ζν
947 2742 992 2774 ⁴24
1019 2739 1350 2774 non—liberabitur
1376 2750 1442 2774 om.
1483 2739 1549 2773 ΓΠ
1571 2739 1623 2782 (in
1650 2749 1761 2782 marg.

236 2802 337 2835 add»
366 2801 438 2835 lsr
512 2801 555 2834 *26
582 2800 646 2833 filii
674 2799 745 2844 dei]
773 2800 885 2834 filium
914 2800 971 2833 dei
1010 2800 1037 2832 Γ

1939 398 1946 451 nnn-
