1952 3118
31 1445 83 1487 53

89 961 122 986 10

85 1315 119 1342 15

632 184 981 229 epistularum
1020 172 1194 221 CXLVII.
1588 187 1675 229 329

151 317 248 356 sunt
279 314 414 363 corde,
454 314 578 355 deum
612 313 828 361 uidebunt,
868 314 1014 367 utique
1056 314 1126 355 alii
1160 327 1238 355 non
1278 315 1501 364 uidebunt3
1539 328 1676 369 neque

149 386 256 427 enim
306 385 465 440 indigni
517 385 639 426 deum
690 384 896 426 uidebunt
947 398 1080 438 neque
1129 385 1179 429 is.
1233 386 1303 440 qui
1355 386 1479 428 deum
1530 386 1675 429 uidere

147 455 341 499 noluerit.
386 458 528 510 potest
566 455 688 497 deum
728 455 883 497 uidere.
927 468 1002 497 nec
1039 456 1080 497 in
1121 457 1212 499 loco
1253 457 1355 499 deus
1393 457 1563 499 uidetur
1600 458 1673 500 sed

148 526 303 568 mundo
354 526 476 568 corde
528 538 601 568 nec
651 525 938 579 corporalibus
989 527 1124 568 oculis
1181 527 1283 568 deus
1335 529 1551 581 quaeritur
1599 541 1675 570 nec

149 597 508 639 circumscribitur
540 596 634 638 uisu
668 608 742 637 nec
773 598 891 637 tactu
924 599 1092 638 tenetur
1122 609 1197 638 nec
1231 597 1400 638 auditur
1438 598 1566 639 affatu
1599 611 1675 640 nec

149 668 328 709 sentitur
369 667 556 716 incessu3
603 670 657 717 et,
703 679 796 708 cum
843 667 993 709 absens
1037 670 1223 720 putatur,
1269 667 1440 709 uidetur
1481 672 1535 711 et.
1578 681 1673 710 cum

145 752 340 793 praesens
363 741 440 788 est,
468 750 546 779 non
565 737 743 779 uidetur.
771 737 950 791 denique
970 750 1046 779 nec
1075 738 1257 792 apostoli
1284 751 1429 780 omnes
1458 738 1674 781 Christum

146 810 346 851 uidebant
385 813 425 851 et
463 809 556 851 ideo
596 809 672 850 ait:
719 809 874 850 Tanto
921 811 1141 863 tempore
1180 809 1443 851 uobiscum
1483 822 1585 851 sum
1627 814 1673 851 et

146 881 304 922 adhuc
337 893 408 922 me
442 893 531 922 non
566 879 900 934 cognouistis.
941 879 1011 933 qui
1045 879 1155 921 enim
1190 880 1403 935 cognouit,
1446 893 1568 934 quae
1607 881 1675 923 sit

145 952 366 993 latitudo
413 954 459 993 et
501 951 766 1005 longitudo
813 953 860 993 et
909 950 1130 993 altitudo
1177 954 1224 992 et
1268 951 1581 1005 profundum,
1628 954 1675 993 et

148 1023 599 1077 supereminentem
633 1022 882 1063 scientiae
921 1022 1186 1064 caritatem
1228 1022 1434 1071 Christi,
1480 1022 1589 1064 uidit
1633 1028 1677 1064 et

147 1094 374 1136 Christum.
413 1093 523 1135 uidit
561 1095 602 1134 et
638 1097 813 1146 patrem.
854 1106 927 1134 nos
967 1093 1074 1135 enim
1115 1093 1196 1134 iam
1238 1094 1468 1135 secundum
1509 1106 1671 1135 carnem

145 1178 224 1207 non
276 1165 473 1206 nouimus
519 1163 735 1206 Christum
789 1163 862 1205 sed
912 1163 1144 1205 secundum
1196 1164 1406 1218 spiritum.
1459 1164 1674 1218 spiritus

145 1236 254 1277 enim
293 1237 405 1276 ante
445 1235 622 1276 faciem
662 1236 882 1276 nostram
923 1234 1157 1277 Christus
1197 1235 1442 1285 dominus,
1490 1235 1559 1288 qui
1598 1248 1675 1276 nos

143 1306 190 1348 in
240 1319 426 1348 omnem
482 1305 849 1358 plenitudinem
901 1304 978 1346 dei
1030 1305 1317 1347 misericordia
1374 1318 1450 1347 sua
1500 1305 1675 1359 implere

144 1377 352 1432 dignetur.
386 1380 433 1418 ut
465 1376 598 1418 uideri
632 1376 769 1429 possit
801 1389 824 1417 a
857 1376 1006 1419 nobis'.

202 1449 316 1490 Haec
361 1448 489 1490 uerba
534 1448 667 1489 sancti
712 1447 806 1497 uiri,
852 1460 958 1501 quae
1003 1461 1081 1489 non
1128 1447 1308 1489 carnalia
1353 1447 1425 1489 sed
1471 1447 1675 1500 spiritalia

144 1524 255 1570 sunt,
290 1520 330 1561 in
364 1522 566 1574 quantum
600 1518 811 1573 intellegis
845 1521 887 1560 et
918 1531 1018 1560 uera
1051 1531 1157 1568 esse,
1190 1532 1270 1560 non
1306 1519 1404 1572 quia
1434 1519 1524 1572 ipse
1557 1517 1675 1566 dixit,

144 1591 217 1632 sed
261 1591 358 1644 quia
404 1591 557 1632 ueritas
604 1590 690 1631 sine
736 1590 916 1644 strepitu
962 1589 1129 1647 clamat,
1175 1590 1383 1644 agnoscis,
1428 1589 1470 1630 iu
1509 1591 1674 1630 tantum

85 1675 99 1696 ι’
142 1662 368 1716 intellegis.
416 1661 524 1703 unde
570 1661 795 1702 adhaereas
842 1660 1023 1709 domino,
1069 1664 1196 1714 teque
1241 1661 1376 1714 ipsam
1421 1660 1676 1702 intrinsecus

142 1746 362 1787 praeparas
401 1732 702 1786 incorporalem
742 1733 883 1773 locum
922 1731 1152 1773 mansionis
1198 1732 1288 1773 eius
1328 1731 1379 1772 ad
1421 1730 1673 1773 audiendum

144 1804 358 1846 silentium
404 1803 650 1845 narrationis
696 1803 786 1844 eius
831 1806 873 1843 et
918 1802 1140 1844 uidendam
1192 1802 1453 1844 inuisibilem
1497 1802 1674 1843 formam

144 1875 248 1917 eius.
282 1875 416 1916 beati
444 1875 554 1915 enim
582 1873 760 1915 mundo
789 1873 946 1923 corde,
976 1873 1091 1926 quia
1117 1874 1215 1927 ipsi
1243 1873 1384 1915 deum
1411 1872 1671 1922 uidebunt,

142 1958 222 1987 non
257 1958 352 1988 cum
387 1946 447 1987 eis
482 1946 593 1987 sieut
626 1957 776 1998 corpus
811 1957 857 1986 ex
891 1944 1032 1998 aliquo
1067 1944 1148 1985 loci
1179 1943 1403 1985 interuallo
1443 1942 1673 1998 apparebit,

144 2016 217 2059 sed
250 2029 343 2058 curn
378 2016 542 2058 uenerit
575 2016 627 2058 ad
659 2028 731 2057 eos
765 2018 807 2057 et
837 2015 1098 2057 mansionem
1130 2015 1278 2056 feeerit
1310 2014 1421 2068 apud
1454 2026 1540 2059 eos.
1574 2026 1676 2067 quo-

260 2120 302 2154 21
332 2120 441 2156 Eccli.
470 2121 502 2163 6,
528 2121 574 2154 35
648 2120 693 2154 '23
720 2120 853 2155 Matth.
881 2121 914 2163 5,
941 2119 962 2153 8

189 2191 210 2224 2
236 2190 291 2225 his
317 2190 363 2225 M
387 2194 417 2235 (s
444 2193 551 2234 eras.)
577 2191 611 2224 A
711 2192 732 2224 3
758 2193 881 2235 potest
907 2190 1026 2234 deum]
1055 2192 1176 2235 potest
1202 2200 1281 2224 eum
1307 2189 1389 2224 edd.
1487 2187 1573 2223 deus
1599 2199 1667 2223 om.

149 2249 248 2284 TOL
297 2250 318 2285 6
332 2254 428 2295 post.
448 2254 484 2284 et
503 2261 570 2285 om.
587 2250 622 2284 P
669 2249 688 2283 7
711 2249 891 2285 Christum
913 2260 980 2283 om.
996 2249 1030 2283 P
1078 2251 1098 2284 8
1119 2248 1308 2288 uidebunt,
1328 2259 1372 2282 m.
1391 2251 1413 2282 4
1434 2247 1608 2282 uidebant
1628 2247 1673 2281 H

190 2310 242 2343 ait
267 2320 345 2349 σπι,
372 2320 417 2343 m.
444 2312 462 2343 1
488 2308 535 2352 (Ρ)
562 2309 649 2344 add.
677 2308 720 2342 H
819 2310 840 2343 9
866 2309 1017 2353 agnouit
1044 2309 1078 2341 A
1190 2308 1233 2342 10
1262 2313 1299 2341 et
1323 2306 1516 2351 longitudo
1543 2316 1611 2340 om.
1643 2306 1676 2339 O

147 2369 184 2402 11
214 2368 316 2402 uidet
335 2369 370 2402 A
446 2369 488 2403 12
516 2368 618 2402 uidet
637 2369 671 2402 A
770 2371 925 2412 patarem
951 2368 981 2400 l)
1077 2367 1147 2401 iam
1169 2378 1234 2401 om.
1258 2367 1293 2401 P
1389 2377 1458 2400 non
1480 2365 1671 2399 secundum

145 2437 285 2461 carnem
317 2426 417 2461 TOL
442 2429 525 2470 (non
552 2439 596 2461 m.
624 2431 642 2461 1
666 2438 694 2462 8.
720 2429 789 2469 u.);
815 2428 861 2471 cf.
883 2437 921 2471 p.
950 2428 1038 2465 292.
1066 2428 1109 2469 2;
1136 2428 1229 2469 308,
1256 2427 1308 2460 22
1437 2425 1479 2459 13
1505 2424 1669 2469 spiritus]

145 2486 240 2520 scdm
266 2487 301 2520 A
388 2489 430 2521 16
455 2487 535 2532 ipsa
560 2486 594 2520 L
694 2487 735 2520 19
763 2486 884 2520 sonitu
917 2484 1036 2527 TOL;
1061 2486 1107 2530 cf.
1131 2496 1167 2529 p.
1197 2487 1279 2525 318,
1308 2486 1334 2518 8
1448 2484 1613 2528 agnoscit
1644 2482 1677 2515 O

145 2545 180 2578 in
208 2548 378 2589 quantum
406 2545 571 2590 agnoscis
598 2545 633 2579 P
693 2545 738 2579 20
765 2544 934 2579 adherean-
978 2544 1073 2588 (suit
1098 2546 1149 2585 re)
1177 2544 1212 2578 P
1285 2543 1352 2577 deo
1385 2542 1450 2577 TO
1534 2542 1613 2587 ipsa
1644 2542 1673 2575 Ο

145 2604 185 2637 21
216 2615 388 2649 praepara
412 2604 449 2638 P
546 2605 725 2638 mansioni
756 2604 819 2637 ΘΙ,
900 2604 945 2637 23
973 2603 1103 2638 mundo
1130 2606 1190 2646 (m.
1218 2606 1237 2637 1
1263 2613 1354 2637 corr.
1383 2601 1521 2645 mundi)
1549 2600 1672 2636 cordes

146 2661 189 2696 H
215 2663 347 2697 mundo
380 2665 484 2706 (corr.
516 2662 654 2705 mundi)
687 2662 810 2697 cordes
837 2661 882 2695 M
913 2662 1036 2696 mundi
1070 2662 1187 2696 cordis
1222 2669 1279 2703 (m.
1308 2664 1325 2695 1
1352 2671 1441 2695 corr.
1469 2659 1607 2701 cordes)
1638 2660 1678 2694 F

146 2720 268 2755 mundi
296 2721 419 2756 cordes
447 2722 518 2755 ΑΡ
640 2723 809 2767 quoniam
828 2721 959 2765 flrm
985 2708 1055 2756 sec]
1086 2721 1187 2766 Vulq.
1341 2721 1407 2764 ipsi
1424 2719 1612 2753 ›'›!³ldmssll!⁴
1644 2721 1676 2753 ί)

147 2780 192 2815 25
219 2780 316 2819 fecit.
343 2792 387 2815 m.
417 2783 441 2814 2
467 2781 595 2815 fecerit
620 2782 654 2814 A
