1952 3118
0 851 81 893 [11

88 940 121 964 10

88 1295 120 1320 15

87 1650 122 1675 20

87 2005 121 2032 25

622 159 970 203 epistularum
1011 159 1202 195 CXLVIII.
1588 163 1671 204 341

147 287 331 342 elegerit,
369 300 449 328 non
489 289 635 328 natura
673 286 929 337 formauerit,
970 290 1018 329 ut
1049 291 1090 329 et
1120 288 1227 330 illud
1266 301 1414 330 uerum
1454 290 1524 339 sit,
1563 290 1675 343 quod

147 359 287 400 deum
319 370 456 399 nemo
490 357 622 399 uidit
652 371 894 411 umquam,
928 371 1034 412 quae
1060 372 1141 400 uox
1165 359 1302 413 ipsius
1330 360 1489 401 domini
1517 360 1674 402 Christi

147 432 226 480 est,
259 432 324 470 et:
358 427 508 479 Quem
541 441 680 470 nemo
713 428 966 470 hominum
999 430 1132 472 uidit
1163 443 1253 472 nec
1286 431 1457 472 uidere
1489 434 1672 485 potest,

147 512 251 554 quae
289 513 369 541 uox
407 500 601 553 apostoli,
640 499 769 540 immo
809 499 900 540 eius
940 513 1012 553 per
1049 501 1289 553 apostolum
1331 501 1486 543 Christi
1520 505 1598 553 est,
1633 504 1675 543 et

145 573 218 613 illa
260 583 340 612 non
391 571 662 624 repudientur
710 571 953 612 testimonia
1003 573 1320 626 scripturarum,
1372 573 1526 626 quibus
1570 573 1673 614 deus

146 642 264 684 uisus
292 655 384 683 esse
409 644 612 692 narratur,
639 642 736 695 quia
756 645 797 682 et
821 642 1051 683 inuisibilis
1078 646 1142 684 est
1169 656 1242 696 per
1270 644 1475 697 propriam
1504 643 1674 685 deitatis

145 715 334 755 naturam
374 715 428 759 et,
475 725 570 754 cum
611 713 720 762 uult,
764 712 899 754 uideri
937 715 1078 766 potest
1121 727 1195 767 per
1239 714 1520 768 adsumptam,
1566 714 1675 755 sicut

145 783 364 838 placuerit,
398 786 644 825 creaturam.

204 855 332 897 Porro
353 855 389 896 si
409 857 581 896 naturae
607 854 742 908 ipsius
770 858 834 896 est
862 855 1133 897 inuisibilitas
1154 856 1266 897 sicut
1284 855 1674 910 incorruptibilitas,

145 939 225 968 non
270 926 504 967 mutabitur
546 926 694 979 utique
738 926 779 967 in
818 926 960 968 futuro
1006 927 1175 968 saeculo
1214 927 1288 968 illa
1331 929 1493 973 natura,
1538 929 1587 968 ut
1626 926 1674 967 de

144 996 348 1039 inuisibili
391 996 576 1037 uisibilis
622 995 707 1046 fiat,
752 996 850 1049 quia
894 1009 1028 1049 neque
1072 997 1226 1050 poterit
1271 997 1320 1038 de
1365 997 1674 1050 incorruptibili

146 1067 432 1121 corruptibilis
460 1067 566 1116 fieri;
602 1067 730 1109 simul
757 1067 865 1109 enim
894 1071 937 1108 et
961 1068 1323 1109 incommutabilis
1351 1071 1427 1110 est.
1459 1070 1502 1109 et
1526 1068 1673 1121 utique

146 1142 335 1182 naturam
380 1138 471 1180 eius
517 1138 830 1180 commendauit
873 1139 1105 1191 apostolus,
1152 1152 1246 1181 cum
1293 1139 1374 1181 duo
1419 1139 1502 1180 ista
1546 1139 1674 1180 simul

146 1212 318 1265 poneret
379 1209 540 1251 dicens:
603 1210 724 1264 Regi
787 1212 950 1251 autem
1008 1210 1337 1260 saeculorum,
1401 1210 1672 1257 inuisibili,

147 1280 526 1334 incorruptibili
577 1281 673 1322 soli
725 1280 813 1322 deo
863 1280 1016 1322 honor
1066 1283 1114 1322 et
1164 1281 1325 1336 gloria
1374 1281 1421 1322 in
1473 1281 1673 1322 saecula

148 1352 473 1394 saeculorum.
507 1351 616 1392 unde
648 1364 729 1393 non
764 1351 895 1393 audeo
930 1364 1007 1406 ego
1040 1352 1100 1393 ita
1132 1351 1404 1406 distinguere,
1435 1355 1484 1393 ut
1515 1351 1672 1393 dicam:

146 1423 457 1477 Incorruptibili
495 1423 663 1477 quidem
695 1423 737 1464 in
771 1423 940 1465 saecula
977 1424 1254 1473 saeculorum,
1293 1423 1498 1465 inuisibili
1530 1425 1671 1465 autem

145 1508 225 1537 non
257 1495 297 1536 in
331 1495 501 1536 saecula
532 1495 796 1536 saeculorum
830 1494 904 1535 sed
935 1496 1100 1536 tantum
1126 1495 1166 1535 in
1200 1495 1279 1536 hoc
1313 1495 1495 1536 saeculo.
1530 1507 1677 1535 uerum

148 1567 244 1620 quia
281 1578 355 1607 nec
394 1565 468 1607 illa
504 1566 749 1607 testimonia
786 1566 894 1607 falsa
933 1579 1025 1607 esse
1064 1568 1265 1619 possunt:
1312 1566 1454 1606 Beati
1499 1565 1677 1606 mundo

147 1637 308 1688 corde,
342 1636 571 1690 quoniam
604 1637 704 1690 ipsi
737 1637 878 1678 deum
912 1637 1171 1686 uidebunt,
1206 1640 1265 1678 et:
1307 1636 1515 1679 Scimus.
1550 1636 1679 1689 quia,

145 1721 252 1750 cum
280 1708 588 1761 apparuerit,
616 1707 812 1749 similes
841 1708 883 1748 ei
913 1708 1110 1756 erimus,
1140 1707 1368 1760 quoniam
1390 1707 1678 1749 uidebimus

146 1792 266 1827 eum,
312 1778 467 1819 sicuti
512 1780 601 1831 est,
647 1791 799 1831 negare
845 1791 925 1820 non
971 1791 1199 1832 possumus
1245 1778 1355 1820 filios
1399 1778 1465 1820 dei
1509 1778 1678 1820 uisuros

146 1850 285 1898 deum,
313 1850 386 1891 sed
413 1849 526 1891 sicut
551 1850 749 1892 uidentur
776 1850 1023 1899 inuisibilia,
1051 1851 1163 1891 sicut
1184 1862 1227 1891 se
1247 1850 1388 1903 ipsum
1409 1852 1678 1890 ostensurum

146 1921 431 1975 promittebat,
459 1921 531 1974 qui
557 1921 798 1962 hominibus
825 1921 864 1962 in
887 1934 1008 1963 carne
1035 1920 1219 1962 uisibilis
1247 1920 1486 1975 apparebat,
1516 1919 1678 1973 quando

148 1991 331 2034 dicebat:
377 1991 436 2033 Et
481 2004 569 2046 ego
616 1991 823 2046 diligam
870 2005 975 2033 eum
1023 1994 1070 2033 et
1108 1991 1362 2033 ostendam
1403 2004 1476 2032 me
1514 1991 1678 2045 ipsum

147 2063 238 2113 illi,
273 2075 368 2105 cum
402 2065 496 2104 ante
537 2063 681 2105 oculos
720 2063 936 2104 hominum
978 2063 1232 2116 conspicuus
1272 2063 1526 2116 loqueretur.
1566 2061 1678 2102 unde

263 2259 284 2293 2
311 2258 388 2293 Ioh.
417 2259 447 2295 1.
476 2259 536 2300 1s;
564 2259 579 2294 1
606 2259 683 2294 Ioh.
710 2260 743 2299 4,
771 2259 814 2294 12
907 2260 928 2294 3
962 2260 976 2293 1
1009 2259 1099 2294 Tim.
1133 2260 1165 2298 6,
1201 2260 1243 2294 16
1332 2260 1375 2295 14
1403 2259 1420 2294 1
1446 2259 1536 2295 Tim.
1573 2259 1605 2301 1,
1634 2258 1675 2293 ιτ

150 2319 191 2352 19
218 2318 346 2354 Matth.
374 2321 407 2363 5,
433 2319 455 2353 s
529 2318 574 2353 2ο
599 2318 617 2353 1
641 2318 718 2353 Ioh.
743 2319 777 2363 3,
804 2319 825 2352 2
899 2318 944 2353 25
972 2318 1048 2354 Ioh.
1079 2319 1134 2363 14,
1160 2318 1202 2353 21

195 2458 216 2493 6
247 2458 424 2502 inuisibis‚
456 2469 503 2493 m.
534 2461 554 2492 1
585 2469 675 2494 corr.
708 2458 904 2493 inuisibilis
935 2457 968 2492 T
1111 2459 1130 2494 7
1164 2459 1272 2504 sicut]
1307 2459 1401 2493 sicut
1434 2459 1466 2493 ei
1493 2457 1619 2493 P¹TV
1642 2471 1675 2493 m

148 2516 169 2550 9
196 2519 250 2551 est
274 2527 355 2557 om.,
381 2529 425 2551 m.
453 2520 472 2551 1
499 2517 585 2552 add.
611 2518 648 2552 P
741 2517 1017 2562 incorporalitas
1043 2518 1078 2551 A
1166 2517 1209 2552 10
1236 2517 1375 2562 utique]
1404 2516 1562 2562 profecto
1589 2516 1681 2551 P¹V

150 2575 190 2609 11
218 2576 460 2621 corruptibilis
487 2576 529 2610 de
555 2577 820 2622 incorruptibili
845 2576 881 2612 R
994 2577 1037 2611 14
1062 2577 1284 2612 saeculorum
1311 2587 1377 2611 om.
1412 2576 1444 2610 T
1540 2575 1582 2609 16
1609 2587 1675 2619 ego

149 2644 216 2670 om.
240 2634 276 2669 P
356 2636 428 2669 ista
452 2635 564 2670 PTV
636 2637 679 2671 18
705 2647 774 2670 non
802 2647 868 2670 om.
894 2635 932 2671 R
1007 2636 1048 2670 19
1075 2636 1210 2677 istas
1232 2635 1311 2670 edd.
1386 2636 1430 2670 23
1457 2634 1616 2668 inuisilia
1647 2634 1679 2667 T

149 2693 195 2727 24
219 2694 454 2738 promittebat
478 2705 546 2730 om.
572 2695 609 2731 R
705 2695 901 2740 apparebat
926 2695 962 2729 in
990 2705 1093 2729 carne
1120 2694 1275 2729 uisibilis
1300 2693 1379 2729 edd.
1467 2695 1512 2729 25
1538 2693 1591 2728 illi
1619 2704 1673 2726 ine

149 2750 264 2796 ipsum
291 2752 417 2787 P¹TV
487 2753 534 2787 26
559 2764 637 2788 cum
664 2757 747 2789 ante
772 2754 813 2788 in
830 2753 910 2798 fine
934 2765 969 2789 u.
997 2765 1064 2790 om.
1091 2753 1131 2788 F
