1952 3118
646 188 998 232 epistularum
1040 187 1179 223 CLVII.
1596 194 1674 234 451

154 330 229 359 suo
268 317 355 359 sine
395 320 566 371 peccato
605 317 764 359 uiuere.
806 317 967 359 dederit
1001 331 1043 359 se
1076 318 1324 360 libidinibus
1359 321 1400 359 et
1434 319 1681 361 criminibus

152 389 318 429 nefariis
364 389 614 442 obligauerit
659 391 782 441 atque
828 388 867 428 in
908 388 972 429 his
1019 389 1254 430 criminosis
1301 389 1682 443 consceleratisque

152 460 337 501 moribus
372 473 506 513 usque
534 460 572 499 in
601 459 709 500 diem
745 472 869 500 suum
904 459 1099 500 ultimum
1135 460 1437 513 perdurauerit‚
1471 460 1682 513 quaslibet

149 530 257 572 inter
301 531 401 571 haec
449 532 710 584 elemosynas
756 529 896 579 faciat,
943 534 985 570 et
1028 530 1252 571 infeliciter
1302 531 1419 572 ducit
1462 531 1593 572 uitam
1640 533 1681 572 et

107 632 112 637 .
150 601 360 643 infelicius
394 601 494 642 finit.

211 672 290 713 Sed
330 673 400 714 isti
439 676 669 726 utcumque
708 671 913 713 tolerandi
954 674 1065 721 sunt,
1106 671 1272 724 quando
1308 672 1453 713 dicunt
1485 672 1553 714 uel
1586 685 1680 714 esse

151 743 216 784 uel
238 744 370 785 fuisse
392 743 457 784 hic
481 743 661 796 aliquem
682 743 841 783 iustum
866 745 1029 796 praeter
1049 755 1176 782 unum
1208 745 1401 783 sanctum
1422 745 1678 791 sanctorum,

149 814 220 867 qui
254 813 414 855 nullum
449 814 619 855 haberet
648 813 814 854 omnino
842 815 1076 866 peccatum.
1110 812 1214 854 illud
1243 826 1355 862 uero,
1391 813 1502 866 quod
1534 812 1678 854 dicunt

147 884 339 926 sufficere
390 885 547 926 homini
605 884 782 925 liberum
834 883 1052 924 arbitrium
1105 883 1155 923 ad
1206 883 1414 924 dominica
1464 883 1675 937 implenda

148 955 354 998 mandata.
389 956 515 997 etiam
550 955 584 996 si
618 955 683 996 dei
718 955 849 1010 gratia
883 957 924 995 et
957 954 1091 995 sancti
1118 954 1292 1008 spiritus
1327 954 1433 995 dono
1468 954 1519 995 ad
1552 967 1675 1008 opera

146 1028 253 1068 bona
278 1040 357 1068 non
386 1027 624 1075 adiuuetur,
651 1026 764 1068 omni
791 1025 914 1067 modo
943 1025 1293 1067 anathemandum
1323 1028 1387 1066 est
1413 1029 1454 1066 et
1481 1026 1675 1067 omnibus

146 1099 478 1140 execrationibus
518 1098 827 1139 detestandum.
870 1097 939 1150 qui
981 1097 1088 1138 enim
1129 1097 1207 1138 hoc
1241 1096 1454 1146 adserunt,
1489 1110 1511 1137 a
1543 1097 1676 1152 gratia

147 1169 211 1209 dei
239 1169 406 1222 penitus
435 1168 558 1210 alieni
580 1172 691 1217 sunt,
714 1168 811 1221 quia
837 1168 1129 1222 ignorantes
1159 1167 1236 1209 dei
1263 1167 1534 1218 iustitiam,
1564 1168 1675 1210 sicut.

147 1239 195 1280 de
230 1239 394 1280 Iudaeis
430 1239 533 1280 dicit
565 1239 796 1293 apostolus
841 1242 888 1280 et
921 1251 1055 1280 suam
1089 1239 1321 1280 uolentes
1361 1239 1672 1281 constituere

146 1309 379 1351 iustitiae
415 1310 490 1351 dei
525 1323 613 1352 non
650 1313 765 1352 sunt
798 1310 1029 1351 subiecti.
1064 1310 1325 1364 plenitudo
1361 1310 1515 1364 quippe
1542 1310 1670 1364 legis

144 1393 222 1422 non
258 1388 333 1422 est
366 1382 445 1423 nisi
480 1382 665 1423 caritas
707 1387 747 1422 et
779 1382 925 1435 utique
960 1382 1145 1422 caritas
1180 1381 1257 1422 dei
1293 1381 1483 1422 diffusa
1515 1384 1591 1422 est
1623 1381 1669 1422 in

145 1452 378 1494 cordibus
425 1453 612 1494 nostris
658 1466 736 1493 non
777 1466 849 1505 per
887 1465 960 1494 nos
1000 1453 1115 1506 ipsos
1155 1465 1228 1493 nec
1275 1452 1435 1493 uiribus
1480 1451 1670 1506 propriae

143 1523 377 1564 uoluntatis
400 1524 473 1565 sed
494 1536 579 1577 per
599 1523 833 1577 spiritum
856 1526 1094 1571 sanctum,
1123 1522 1205 1575 qui
1233 1522 1380 1564 datus
1409 1524 1485 1563 est
1511 1522 1670 1564 nobis.

204 1594 327 1635 Valet
358 1595 500 1647 itaque
533 1594 710 1635 liberum
745 1593 962 1635 arbitrium
996 1593 1047 1634 ad
1081 1606 1205 1647 opera
1237 1593 1358 1641 bona,
1396 1593 1431 1634 si
1464 1592 1669 1634 diuinitus

142 1664 378 1716 adiuuetur,
424 1665 535 1718 quod
574 1665 621 1706 fit
658 1665 876 1706 humiliter
918 1665 1096 1717 petendo
1137 1668 1176 1706 et
1220 1663 1409 1712 fatend03
1456 1664 1668 1706 desertum

141 1748 240 1777 uero
281 1735 422 1777 diuino
462 1736 683 1785 adiutorio,
730 1736 919 1789 qualibet
958 1735 1133 1776 scientia
1171 1735 1278 1790 legis
1318 1735 1507 1785 excellat,
1551 1735 1667 1776 nullo

140 1806 262 1848 modo
308 1807 479 1848 habebit
528 1807 717 1848 iustitiae
769 1806 1027 1848 soliditatem
1080 1806 1152 1847 sed
1203 1806 1461 1847 inflationem
1512 1805 1667 1859 impiae

140 1877 358 1931 superbiae
380 1881 422 1918 et
443 1878 666 1919 exitiosum
687 1881 910 1920 tumorem.
939 1877 1062 1919 docet
1081 1877 1159 1919 hoc
1181 1877 1324 1918 eadem
1346 1876 1438 1931 ipsa
1459 1877 1668 1918 dominica

139 1948 283 1990 oratio.
317 1949 473 1990 frustra
507 1950 614 1990 enim
649 1949 771 1990 deum
800 1951 996 2002 rogantes
1024 1948 1222 1990 dicimus:
1256 1948 1323 1990 Ne
1357 1961 1444 1989 nos
1478 1948 1665 1989 inferas

256 2112 298 2145 13
337 2112 437 2145 Rom.
480 2112 533 2154 10,
572 2113 592 2146 :3
740 2112 783 2146 15
822 2111 921 2146 Rom.
964 2112 1017 2153 13,
1060 2112 1102 2145 10
1251 2112 1310 2150 16;
1353 2110 1398 2145 18
1436 2111 1537 2146 Rom.
1577 2112 1609 2150 5,
1643 2112 1664 2141 Γ»

136 2170 180 2204 24
205 2170 336 2205 Matth.
364 2171 396 2210 6,
427 2172 469 2205 13

183 2253 203 2286 2
230 2253 598 2298 consceleratistilque
625 2253 682 2295 (til
708 2264 752 2287 m.
781 2255 805 2287 :2
832 2253 913 2289 del.)
946 2252 974 2287 L
1083 2253 1103 2286 3
1131 2252 1327 2297 perdurans
1354 2263 1396 2287 ex
1422 2262 1525 2293 corr„
1542 2251 1662 2295 fuisse

134 2311 211 2346 uid.
238 2311 486 2356 perduraueris
513 2312 547 2346 L
603 2315 622 2347 5
650 2312 843 2357 infelicius]
870 2312 1046 2353 infelicib;
1074 2312 1109 2345 P
1163 2312 1181 2346 7
1209 2312 1341 2346 iustum
1369 2314 1511 2356 praeter
1536 2311 1659 2354 unum!

133 2369 242 2404 istum
267 2373 410 2416 praeter
436 2373 545 2405 istum
567 2370 631 2405 CO
650 2374 792 2416 praeter
812 2382 919 2405 unuru
942 2373 1022 2411 (om.
1044 2371 1192 2413 iustum)
1215 2370 1288 2404 LT
1306 2370 1385 2404 edd.
1436 2371 1457 2403 ὅ
1478 2368 1608 2403 habere
1629 2368 1665 2402 P

133 2429 154 2463 9
179 2429 334 2472 homine,
361 2442 404 2466 m.
433 2434 451 2464 1
476 2441 567 2467 corr.
592 2430 740 2464 hominu
767 2430 801 2464 P
934 2430 1098 2464 liberium
1131 2429 1163 2464 T
1288 2429 1501 2464 dominicani
1529 2426 1662 2472 plenda

134 2491 191 2530 (m.
217 2491 242 2522 2
275 2489 456 2524 dominica
489 2489 681 2534 implenda)
714 2489 885 2523 mandata
911 2489 943 2522 L
976 2488 1155 2523 dominica
1186 2491 1379 2534 praecepta
1411 2485 1594 2532 implenda
1632 2485 1663 2519 T

132 2547 209 2584 edd.
286 2548 328 2583 10
355 2549 507 2593 gratiam
535 2549 570 2582 P
643 2548 789 2593 spiritus
817 2549 929 2582 sancti
963 2547 993 2581 T
1017 2548 1095 2582 edd.
1174 2548 1213 2581 11
1243 2548 1339 2581 omni
1366 2546 1486 2590 modo!
1515 2545 1657 2579 omnino

132 2605 210 2640 edd.
291 2607 667 2641 anathematizandum
702 2607 733 2641 T
756 2607 835 2641 edd.
914 2607 955 2641 12
983 2618 1002 2641 a
1030 2608 1068 2641 in
1095 2618 1129 2641 u.
1156 2607 1263 2647 init-io
1291 2618 1334 2640 m.
1363 2608 1388 2639 2
1415 2605 1501 2640 adel.
1531 2603 1605 2639 uid.
1630 2604 1660 2638 C

134 2666 175 2699 13
201 2666 294 2701 sieut
319 2667 359 2700 in
378 2667 456 2710 fine
475 2678 562 2710 pay.
590 2677 657 2701 om.
689 2665 752 2699 00
851 2666 894 2699 14
920 2669 1078 2700 statuere
1105 2666 1139 2700 L
1163 2677 1228 2700 ⁴sec.
1266 2665 1365 2709 Vuly.
1460 2665 1502 2698 18
1529 2662 1590 2697 sed
1616 2663 1658 2696 in

124 2724 203 2768 fine
226 2735 260 2759 u.
288 2735 354 2761 om.
388 2725 420 2759 T
490 2726 536 2759 20
560 2725 724 2760 faciendo
758 2725 788 2758 T
813 2725 892 2760 edd.
967 2725 1007 2759 21
1039 2725 1220 2759 adiutorio
1247 2724 1282 2757 1³
1353 2723 1397 2758 22
1426 2722 1546 2762 habet,
1572 2733 1616 2756 m.
1639 2725 1657 2755 1

131 2793 218 2818 corr.
245 2783 394 2818 habebit
419 2784 455 2818 P
526 2785 570 2818 23
598 2785 675 2830 ipsa
701 2795 765 2820 om.
799 2784 832 2818 T
903 2784 947 2818 24
974 2787 1142 2828 rogantes
1170 2782 1274 2817 deum
1311 2782 1338 2815 T
1362 2782 1441 2817 edd.

1537 2850 1605 2885 29*
