1952 3118
62 1052 95 1076 10

61 1405 93 1430 15

62 1761 97 1786 20

608 265 962 310 epistularum
1003 265 1157 302 CLXIX.
1562 265 1644 306 617

122 398 160 437 111
201 409 276 437 sua
314 398 462 436 natura
493 394 910 437 incommutabiliter.
949 395 988 435 in
1023 407 1104 448 qua
1136 395 1239 436 nihil
1273 394 1511 449 compositi,
1551 408 1646 436 eum

122 480 202 521 quo
238 466 447 508 subsistat
477 465 565 507 ulla
597 465 818 519 phantasia
850 466 1020 507 humani
1054 466 1193 517 animi,
1233 466 1534 520 suspicandum
1569 470 1647 507 est.

121 538 279 591 legitur
323 537 511 590 quidem:
556 537 615 577 Et
659 536 874 589 spiritus
921 537 1204 590 sapientiae
1243 537 1526 591 multiplex.
1574 537 1646 579 sed

121 611 234 649 reete
274 607 428 649 dicitur
466 607 591 648 etiam
632 607 826 660 simplex:
868 608 1089 661 multiplex
1121 608 1245 657 enim,
1286 608 1482 661 quoniam
1515 609 1647 649 multa

122 682 234 726 sunt,
269 691 377 732 quae
405 678 546 728 habet,
580 678 757 732 simplex
791 682 945 721 autem.
981 680 1078 732 quia
1110 691 1189 720 non
1225 678 1351 727 aliud,
1381 692 1505 732 quam
1541 679 1648 732 quod

121 750 261 798 habet,
301 752 378 792 est.
421 749 533 790 sicut
570 748 709 790 dictus
750 752 815 790 est
852 749 965 790 filius
1005 749 1185 791 habere
1219 750 1374 790 uitam
1408 750 1455 790 in
1489 754 1647 791 semet

120 821 227 874 ipso
256 824 297 862 et
323 820 466 861 eadem
495 820 583 861 uita
608 820 697 874 ipse
731 822 807 861 est.
847 820 972 861 homo
1001 822 1140 861 autem
1175 820 1305 861 uerbo
1340 821 1534 866 accessit,
1568 833 1646 862 non

120 892 296 933 uerbum
349 892 387 932 in
439 891 651 932 hominem
703 891 1035 933 conuertibiliter
1086 891 1283 937 accessit:
1336 894 1460 944 atque
1504 891 1564 932 ita
1609 895 1649 932 et

120 963 232 1004 filius
279 963 344 1003 dei
391 963 519 1003 simul
564 975 657 1003 eum
705 962 872 1003 homine
918 964 1117 1015 suscepto
1164 961 1331 1003 dieitur.
1383 961 1493 1003 unde
1537 961 1650 1003 idem

122 1034 233 1075 filius
277 1034 341 1074 dei
387 1033 747 1075 incommutabilis
793 1036 857 1074 est
901 1036 1026 1086 atque
1066 1036 1310 1074 coaeternus
1350 1033 1458 1086 patri
1497 1033 1570 1074 sed
1609 1033 1649 1074 in

120 1105 248 1146 uerbo
283 1105 373 1146 solo
407 1107 449 1146 et
481 1105 676 1158 sepultus
710 1107 774 1146 est
806 1104 918 1146 filius
953 1104 1017 1146 dei
1052 1104 1124 1146 sed
1157 1105 1197 1145 in
1233 1117 1351 1146 earne
1386 1105 1488 1147 sola.

183 1176 373 1225 Proinde,
420 1189 525 1229 quae
565 1175 615 1217 de
655 1176 740 1217 filio
781 1176 846 1217 dei
889 1176 1017 1217 uerba
1055 1176 1266 1218 dicuntur.
1306 1175 1532 1217 uidendum
1573 1178 1649 1216 est.

121 1246 353 1288 seeundum
382 1246 481 1300 quid
509 1246 713 1288 dicantur.
747 1260 825 1288 non
855 1246 963 1287 enim
999 1246 1165 1287 homine
1199 1246 1424 1300 adsumpto
1456 1259 1652 1299 persona-

120 1331 211 1358 rum
239 1331 437 1359 numerus
465 1321 615 1359 auctus
643 1321 721 1360 est.
749 1318 822 1359 sed
850 1318 994 1359 eadem
1021 1318 1188 1359 trinitas
1216 1318 1383 1360 mansit.
1418 1330 1511 1358 nam
1542 1318 1650 1359 siout

120 1390 159 1430 111
213 1389 380 1430 homine
431 1389 622 1442 quolibet
673 1391 836 1443 praeter
885 1402 1015 1430 unum
1066 1389 1202 1431 illum.
1261 1389 1330 1442 qui
1383 1389 1653 1444 singulariter

122 1467 349 1514 susceptus
377 1464 455 1509 est,
491 1460 628 1501 anima
655 1464 696 1501 et
723 1473 873 1514 corpus
902 1473 984 1501 una
1010 1473 1188 1514 persona
1214 1463 1291 1510 est,
1326 1461 1386 1501 ita
1412 1461 1453 1501 in
1482 1460 1650 1502 Christo

122 1532 295 1573 uerbum
326 1535 368 1573 et
399 1532 523 1573 homo
556 1545 638 1573 una
669 1545 847 1585 persona
880 1534 957 1574 est.
992 1535 1034 1573 et
1067 1532 1178 1573 sicut
1209 1532 1333 1574 homo
1368 1532 1485 1573 uerbi
1517 1533 1649 1586 gratia

121 1603 400 1656 philosophus
446 1616 525 1644 non
570 1603 717 1656 utique
763 1604 843 1644 nisi
889 1603 1119 1645 secundum
1165 1603 1344 1644 animam
1386 1603 1540 1644 dicitur
1577 1616 1650 1645 nee

121 1674 212 1715 ideo
248 1677 386 1715 tamen
420 1674 599 1715 absurde
633 1674 705 1715 sed
740 1674 1120 1728 congruentissima
1153 1677 1195 1716 et
1227 1674 1508 1715 usitatissima
1538 1674 1651 1716 locu-

122 1745 232 1786 tione
279 1745 458 1786 dicimus
497 1745 794 1799 philosophum
846 1758 1030 1795 caesum,
1079 1745 1375 1799 philosophum
1421 1748 1649 1788 mortuum.

122 1816 420 1870 philosophum
460 1817 688 1869 sepultum.
729 1829 825 1858 oum
856 1819 995 1858 totum
1030 1816 1260 1857 seeundum
1295 1829 1457 1857 earnem
1492 1816 1652 1857 accidat

124 1900 202 1928 11011
232 1887 463 1928 secundum
490 1887 610 1930 illud.
644 1887 755 1940 quod
789 1891 854 1928 est
885 1887 1178 1941 philosophus,
1212 1887 1272 1928 ita
1306 1887 1500 1929 Christus
1534 1887 1650 1929 deus.

124 1958 189 1999 ‹lei
228 1958 354 2001 filius.
395 1958 590 1999 dominus
631 1959 789 2013 gloriae
829 1964 870 2000 et
911 1959 945 2001 si
980 1959 1080 2012 quid
1113 1960 1240 2000 huius
1273 1958 1386 2000 modi
1420 1959 1650 2000 secundum

126 2030 297 2071 uerbum
346 2030 499 2071 dieitur
537 2034 578 2071 et
616 2033 755 2071 tamen
789 2033 900 2072 reete
941 2031 1095 2072 dicitur
1133 2030 1235 2072 deus
1276 2030 1511 2081 crucifixus,
1558 2043 1649 2071 eum

83 2116 94 2123 ·
126 2101 201 2142 11οο
235 2114 329 2142 eum
364 2101 592 2142 secundum
627 2114 792 2142 carnem
826 2114 998 2155 passum
1033 2114 1124 2143 esse
1159 2115 1237 2143 non
1266 2101 1496 2143 secundum
1531 2101 1650 2143 illud.

126 2172 235 2225 quod
270 2172 462 2213 domiuus
497 2172 654 2226 gloriae
687 2175 766 2215 est.
799 2186 877 2214 non
912 2172 1117 2213 habeatur
1147 2173 1366 2214 incertum.

245 2371 266 2403 3
293 2369 375 2415 Sap.
403 2371 435 2407 7.
463 2370 507 2403 22
582 2372 602 2403 6
629 2370 704 2404 Ιο11.
733 2372 765 2410 ἶ),
791 2371 853 2407 26ς
886 2371 940 2413 14,
967 2371 987 2404 6

178 2489 191 2521 l
223 2489 256 2521 in
284 2499 353 2532 quo
380 2489 415 2522 P
576 2499 654 2523 cuin
683 2499 750 2533 quo
780 2489 952 2522 subsistat
980 2500 1059 2525 om„
1087 2500 1128 2522 m.
1158 2492 1176 2522 1
1202 2489 1241 2522 in
1267 2488 1335 2531 inf.
1364 2499 1471 2531 mai-y.
1502 2488 1587 2521 add.
1615 2488 1653 2522 ll

129 2574 148 2605 2
177 2571 250 2605 ulla
276 2583 342 2605 om.
377 2571 407 2605 'I'
479 2572 586 2605 animi
613 2571 758 2605 humani
786 2571 828 2605 II
898 2573 919 2605 4
947 2571 1031 2616 quia
1063 2571 1098 2606 U
1168 2573 1187 2605 ’ἲ
1214 2558 1292 2606 uita
1319 2577 1372 2605 ost
1396 2557 1474 2615 'ipse
1501 2571 1599 2605 «sicli
1618 2570 1653 2605 R

129 2638 148 2658 Ν
177 2630 462 2665 conuertibiliter
489 2632 523 2664 in
550 2631 730 2664 hominem
763 2630 953 2665 TJIRVU
1070 2631 1122 2665 ita
1149 2631 1199 2675 et]
1230 2634 1266 2664 et
1292 2631 1343 2664 ita
1375 2629 1408 2663 l*
1527 2631 1547 2662 ‘J
1575 2641 1651 2663 cum

129 2694 295 2734 suscepto
322 2689 465 2722 bomine
497 2688 683 2723 THRVU
782 2690 821 2723 11
852 2697 886 2722 et
914 2705 950 2720 u
975 2689 1024 2722 (111
1051 2692 1160 2732 eras.)
1194 2689 1226 2722 V
1325 2690 1365 2722 16
1392 2689 1549 2723 ita—est
1574 2700 1652 2725 om..

131 2760 172 2781 m.
196 2752 213 2782 1
232 2749 272 2781 in
297 2749 366 2792 inf.
386 2759 498 2792 marq.
521 2747 605 2782 add.
631 2748 668 2782 H
720 2748 759 2782 17
784 2748 944 2792 uerbum}
970 2740 1031 2782 11111
1059 2748 1156 2791 (ἀεὶ.)
1182 2748 1328 2782 uerbum
1363 2748 1394 2781 T
1466 2748 1508 2782 19
1535 2755 1653 2782 tamen

130 2808 209 2842 ideo
242 2808 273 2841 Τ
369 2808 413 2842 22
440 2819 508 2852 quo
536 2807 571 2842 R
668 2808 712 2841 ‘25
739 2807 807 2841 hoc
834 2808 928 2851 eum]
955 2818 1033 2841 eum
1061 2807 1128 2842 hoc
1160 2807 1191 2840 Τ
1280 2809 1324 2841 26
1353 2818 1421 2850 quo
1454 2807 1655 2850 TRslm:

131 2869 175 2910 «χ’.
204 2878 256 2911 ep.
288 2866 562 2901 CLXXXVII
590 2868 612 2900 9
