1952 3118
103 975 133 998 10

102 1330 134 1355 15

677 191 916 234 epistula
931 201 1028 224 rum
1071 190 1202 225 CLIII:
1608 194 1696 234 403

164 331 267 371 quae
292 320 520 372 cooperit
541 319 919 361 multitudinem
940 323 1274 373 peccatorum,
1297 320 1526 375 flagrauero
1549 320 1694 362 arden-

162 390 276 432 tius'.
316 391 409 443 quis
448 394 638 432 nostrum
677 391 736 432 ita
775 390 941 443 desipit.
983 394 1030 432 ut
1064 391 1161 432 huic
1199 392 1358 432 homini
1392 391 1523 433 dicat:
1563 391 1694 433 ‘Nihil

162 460 239 500 tibi
284 461 365 502 ista
408 462 448 502 in
495 465 710 513 posterum
757 461 1001 515 proderunt:
1047 462 1166 511 uade,
1214 463 1364 503 saltem
1409 462 1521 503 uitae
1567 462 1693 503 huius

163 532 374 573 suauitate
407 533 661 585 perfruere'?
694 532 895 573 auerterit
926 532 1028 573 deus
1062 535 1148 573 tam
1175 532 1400 573 immanem
1429 533 1695 587 sacrilegam-

163 617 242 656 que
287 604 556 645 dementiam!
598 604 793 658 quamuis
833 617 930 658 ergo
971 607 1092 645 caute
1133 604 1441 657 salubriterque
1475 605 1693 658 prouisum

163 675 230 716 sit.
265 679 311 715 ut
349 675 468 715 locus
507 675 623 716 illius
663 675 926 716 humillimae
966 675 1243 728 paenitentiae
1279 675 1408 715 semel
1440 674 1481 715 in
1516 675 1695 716 ecclesia

161 746 426 788 concedatur.
478 759 528 786 ne
580 746 787 787 medicina
838 746 937 787 uilis
989 747 1129 787 minus
1176 746 1292 787 utilis
1339 747 1453 787 esset
1495 746 1693 799 aegrotis,

161 829 265 869 quae
304 820 420 858 tanto
460 817 597 871 magis
638 817 819 858 salubris
860 817 950 858 erit.
992 819 1149 870 quanto
1189 817 1328 857 minus
1362 817 1695 870 contemptibilis

160 887 299 935 fuerit,
346 888 440 941 quis
484 891 623 929 tamen
671 888 823 929 audeat
868 888 944 929 deo
992 888 1147 929 dicere:
1194 887 1344 939 ‘Quare
1383 887 1482 928 huic
1519 887 1693 937 homini,

160 959 230 1012 qui
276 964 373 1012 post
416 960 592 1013 primam
632 959 931 1013 paenitentiam
976 972 1119 1000 rursus
1166 972 1210 1000 se
1253 957 1417 1012 laqueis
1456 958 1693 1011 iniquitatis

160 1030 401 1084 obstringit.
435 1030 571 1071 adhuc
603 1031 754 1071 iterum
782 1030 962 1084 parcis?’
996 1031 1091 1084 quis
1118 1031 1271 1071 audeat
1297 1030 1435 1072 dicere
1462 1043 1559 1084 erga
1586 1029 1693 1071 istos

160 1115 238 1143 non
292 1101 372 1156 agi,
426 1102 534 1154 quod
586 1101 805 1156 apostolus
857 1102 932 1142 ait:
992 1103 1216 1156 Ignoras.
1276 1102 1389 1155 quia
1444 1101 1694 1155 patientia

160 1172 237 1213 dei
283 1173 337 1213 ad
383 1173 746 1226 paenitentiam
779 1175 826 1214 te
871 1172 1107 1214 adducit?
1147 1175 1219 1214 aut
1251 1172 1346 1214 istis
1380 1173 1564 1226 exceptis
1597 1184 1692 1213 esse

160 1243 391 1295 definitum,
420 1244 530 1297 quod
558 1245 764 1298 scriptum
799 1246 880 1285 est:
914 1244 1058 1285 Beati
1092 1257 1274 1287 omnes.
1311 1244 1392 1297 qui
1427 1243 1693 1285 confidunt

161 1315 205 1356 iu
246 1329 367 1357 eum.
402 1318 475 1356 aut
507 1315 558 1356 ad
592 1316 698 1357 istos
732 1327 812 1356 non
845 1315 1066 1369 pertinere.
1102 1314 1213 1369 quod
1247 1315 1422 1356 dicitur:
1456 1314 1695 1356 Viriliter

282 1466 296 1499 1
325 1465 341 1499 Ι
367 1465 463 1500 Petr.
490 1467 523 1507 4,
551 1468 570 1495 Ἀ
647 1466 690 1500 12
717 1465 817 1499 Rom.
844 1466 877 1506 2,
903 1466 925 1499 4
1002 1466 1043 1499 14
1072 1464 1128 1498 Ps.
1156 1465 1189 1507 2,
1219 1464 1261 1498 13
1338 1465 1380 1499 15
1409 1464 1465 1498 Ps.
1494 1464 1551 1504 30,
1578 1464 1623 1499 25

210 1550 224 1582 l
255 1550 410 1594 caeperit
433 1550 466 1583 A
493 1549 609 1594 operit
636 1548 668 1582 V
693 1549 770 1582 edd.
798 1560 863 1583 sec.
892 1548 996 1593 Vecly.
1026 1548 1116 1589 (cod.
1138 1547 1277 1582 Amiat.
1306 1547 1479 1592 cooperit)
1560 1547 1689 1591 fiagra-

162 1620 244 1642 ucro
274 1618 303 1642 (r
322 1613 407 1653 post
435 1620 458 1653 g
486 1609 521 1642 in
552 1619 623 1642 ras.
652 1610 677 1642 2
703 1608 740 1651 l.)
767 1608 801 1641 L
826 1608 1039 1652 flagitauero
1072 1606 1106 1640 (ι’
1255 1606 1276 1639 2
1303 1606 1460 1650 desipiat
1486 1605 1693 1640 PP¹SVP⁴

161 1667 313 1713 decepit,
341 1680 383 1702 m.
412 1670 437 1701 2
463 1667 594 1712 desipit
619 1667 654 1700 L
751 1667 802 1701 nil
828 1667 861 1700 L
983 1667 1003 1701 3
1030 1666 1102 1700 ista
1128 1677 1208 1709 om„
1235 1676 1278 1699 m.
1306 1667 1332 1699 2
1358 1665 1444 1700 add.
1472 1664 1515 1698 H
1607 1676 1689 1709 pro-

161 1727 290 1761 derunt
314 1727 349 1761 in
377 1730 558 1772 posterum
586 1727 665 1760 edd.
806 1726 1001 1771 proderunt
1027 1728 1060 1769 (e
1087 1737 1130 1759 ea:
1156 1736 1246 1760 corr.
1274 1736 1318 1759 m.
1349 1727 1386 1767 2)
1413 1724 1443 1759 S
1583 1724 1689 1758 huius

160 1797 226 1821 om.
252 1786 289 1820 P
394 1786 415 1819 4
442 1787 575 1820 aiv-rtit
599 1786 682 1819 PP*
709 1788 852 1820 auertat
884 1784 967 1818 {31³³
992 1784 1071 1819 edd.
1194 1786 1268 1818 tam
1295 1794 1363 1819 om.
1392 1783 1425 1817 L
1547 1783 1692 1817 inmane

161 1845 441 1890 sacrilegamque
481 1845 529 1879 Ρ·ι
566 1846 708 1879 inmane
746 1845 1033 1889 sacrilegumque
1075 1855 1132 1884 [m.
1173 1846 1198 1878 2
1235 1843 1462 1888 sacrilegium
1501 1845 1624 1887 atque)
1656 1842 1690 1876 L

160 1906 180 1938 5
207 1915 274 1948 ego
300 1905 334 1938 A
480 1904 674 1938 salubriter
699 1915 804 1949 quam
832 1906 891 1945 (m.
919 1906 943 1937 2
969 1912 1050 1948 que)
1077 1903 1111 1937 L
1256 1902 1438 1947 prouisum
1465 1901 1619 1947 sumpsit
1643 1901 1692 1935 M

160 1966 275 2008 ‘'sump
304 1975 346 1997 m.
374 1967 392 1997 1
418 1964 500 2005 del.)
527 1964 560 1997 A
587 1975 649 2008 pro
678 1974 756 1997 cum
783 1968 847 2008 sup
875 1963 923 1997 sit
949 1966 1008 2003 (m.
1038 1965 1063 1996 :2
1088 1962 1268 2007 prouisum
1297 1962 1358 2004 sit)
1387 1961 1429 1995 H
1541 1962 1562 1993 6
1590 1960 1689 1994 illius

160 2023 215 2063 (us
240 2034 284 2056 m.
313 2027 337 2056 2
362 2031 455 2067 step.)
482 2023 516 2057 L
589 2024 622 2056 in
653 2023 824 2068 aeeclesitg
846 2023 879 2057 L
931 2023 948 2056 7
977 2034 1020 2056 ne
1048 2025 1080 2065 (e
1108 2033 1151 2056 m.
1181 2025 1204 2055 3
1229 2026 1261 2055 et
1283 2039 1325 2048 a»
1345 2031 1454 2065 super
1478 2032 1500 2054 n
1527 2022 1634 2062 eras.)
1658 2019 1692 2052 V

206 2083 384 2117 medicina
417 2083 499 2116 uilis
532 2090 567 2125 (u
600 2094 643 2116 ear:
676 2093 748 2116 ras.
781 2086 813 2116 et
845 2092 934 2117 corr.
963 2094 1005 2115 m.
1035 2084 1067 2122 1)
1095 2081 1143 2115 Ρι
1174 2080 1441 2115 medicinabilis
1467 2078 1550 2114 P-‘S
1578 2081 1636 2122 (m.
1665 2082 1690 2112 2

160 2142 337 2176 medicina
369 2142 554 2185 sanabilis)
587 2141 860 2176 medicinalibus
894 2140 927 2174 V
955 2140 1134 2174 medicina
1166 2139 1223 2174 uel
1262 2139 1296 2173 U
1436 2138 1554 2172 minus
1587 2138 1687 2172 utilis

160 2212 225 2236 om.
254 2202 285 2234 A
384 2201 491 2235 utiles
519 2212 595 2235 esse
634 2201 767 2245 egrotis
793 2200 843 2234 P2
941 2200 1094 2244 negotis,
1120 2211 1163 2233 m.
1193 2202 1218 2232 2
1243 2199 1401 2243 aegrotis
1429 2198 1464 2231 P
1559 2201 1579 2225 Η
1607 2203 1686 2231 tau-

160 2263 248 2295 tum.
274 2271 317 2295 m.
345 2261 370 2293 :2
395 2261 497 2292 tanto
525 2259 612 2293 HM
635 2262 776 2293 tantum
803 2261 837 2293 A
985 2259 1051 2292 urit
1078 2270 1145 2292 om..
1173 2257 1222 2291 Ρ2
1249 2258 1305 2291 eni
1339 2257 1371 2290 V
1394 2264 1449 2291 est
1480 2255 1690 2289 L'HMAJH

161 2316 238 2351 edd.
337 2318 595 2352 contemtibilis
622 2321 776 2352 (contem
805 2329 848 2352 ea:
876 2328 946 2351 rus.
975 2322 1005 2351 et
1033 2328 1123 2351 corr.
1151 2328 1194 2351 m.
1222 2320 1255 2350 1)
1280 2315 1330 2350 P2
1429 2316 1449 2350 9
1476 2320 1562 2353 tam.
1590 2326 1633 2348 m.
1664 2317 1688 2347 ‚2

160 2381 278 2411 tamen
306 2377 340 2411 L
472 2377 581 2411 audet
606 2377 656 2411 1²2
789 2378 905 2411 dicere
933 2376 998 2410 deo
1027 2377 1057 2410 S
1079 2376 1158 2410 edd.
1292 2375 1397 2417 hunc,
1425 2386 1467 2408 m.
1495 2377 1520 2408 2
1545 2374 1628 2408 huic
1654 2373 1688 2407 L

164 2435 206 2469 10
231 2453 262 2469 t*
291 2437 349 2481 qui
377 2437 419 2470 J!
513 2448 632 2471 russus
666 2436 699 2469 V
774 2437 810 2470 ll
843 2436 1050 2480 obstringit,
1078 2447 1121 2470 m.
1150 2439 1175 2469 2
1200 2435 1393 2469 obstrinxit
1418 2434 1461 2467 H
1554 2433 1684 2476 adnm-1

161 2493 242 2529 huie
269 2495 307 2529 11
406 2496 522 2530 dicere
549 2507 615 2530 om.
650 2495 682 2530 V
787 2495 828 2529 12
856 2494 965 2539 quod}
995 2495 1087 2529 sicut
1112 2494 1146 2528 L
1243 2495 1412 2538 ignorans
1440 2494 1473 2526 A
1499 2503 1565 2526 sec.
1591 2503 1685 2525 sacr.

164 2552 230 2587 litt.
328 2554 520 2598 patientia*
546 2553 602 2588 dei
629 2557 675 2596 (m
703 2564 809 2595 era-3.)
838 2553 885 2588 Ρ1
964 2553 1003 2587 13
1031 2558 1092 2587 aut
1118 2553 1199 2587 istis
1228 2555 1283 2595 (ut
1309 2553 1318 2586 i
1348 2553 1386 2586 in
1414 2563 1484 2585 ras,
1511 2563 1553 2585 m.
1582 2553 1621 2593 2)
1643 2549 1689 2583 M

210 2618 357 2658 exceptu
379 2613 428 2647 Ρ2
479 2614 520 2647 14
548 2613 743 2648 diffinitum
771 2614 803 2649 U
828 2613 995 2647 definitus
1014 2615 1049 2647 A
1075 2612 1179 2647 deum
1206 2612 1270 2654 itm
1295 2623 1339 2646 m.
1363 2615 1380 2644 1
1405 2621 1496 2644 corr.
1524 2609 1622 2643 dictu
1643 2608 1691 2642 M

166 2672 206 2704 15
233 2679 287 2715 eu,
314 2684 357 2707 m.
386 2676 403 2706 1
431 2671 478 2710 (32,
505 2683 595 2707 corr.
625 2684 665 2707 eo
700 2672 732 2706 V
755 2684 795 2706 eo
829 2672 861 2707 U
884 2683 948 2706 sec.
985 2672 1088 2717 ναῖς).
1188 2678 1250 2705 aut
1272 2670 1332 2705 -ad
1360 2670 1391 2703 V
1486 2668 1583 2713 quid,
1602 2679 1646 2702 m.
1669 2670 1687 2700 1

163 2741 253 2766 corr.
281 2731 375 2775 quod
403 2733 435 2764 A
583 2732 719 2768 uiriter.
748 2743 780 2766 a.
809 2743 853 2767 m.
881 2731 1035 2765 uiriliter
1060 2717 1111 2765 P'2
1135 2730 1285 2766 utiliter.
1313 2742 1355 2763 m.
1385 2731 1409 2763 2
1435 2732 1473 2762 ut
1503 2728 1575 2762 uid.
1603 2727 1685 2760 iuri-

163 2789 244 2823 liter
269 2791 302 2823 A

1572 2855 1637 2889 26*
