1952 3118
55 989 88 1015 10

58 1361 91 1389 15

515 205 867 249 epistularum
908 204 1062 239 CLXIV.
1103 203 1239 240 CLXV.
1554 209 1635 248 541

110 335 161 377 ad
204 334 298 376 illas
344 337 486 376 autem
529 334 811 387 quaestiones,
858 347 962 388 quas
1009 338 1102 377 ante
1146 335 1318 385 misisti,
1364 337 1534 389 excepta
1579 334 1643 376 dei

112 406 274 448 uisione
301 418 374 459 per
400 418 563 459 corpus,
600 405 707 446 unde
735 405 871 447 maius
901 418 1006 459 opus
1034 405 1294 447 moliendum
1324 408 1402 455 est,
1436 408 1485 447 ut
1511 406 1644 459 potui.

111 477 303 532 respondi
343 480 385 518 et
422 490 495 530 per
537 476 731 518 Asellum
778 478 999 519 diaconum
1043 477 1154 527 misi,
1200 477 1313 531 quod
1350 479 1391 518 te
1430 476 1645 530 accepisse

110 552 192 594 iam
231 551 349 603 puto,
387 548 427 589 in
466 548 623 589 recenti
663 551 804 589 autem
845 548 1164 590 commonitorio
1204 551 1293 597 tuo,
1339 548 1406 589 cui
1444 560 1554 589 nunc
1586 560 1645 588 re-

111 619 274 674 spondi,
304 619 385 660 duo
414 619 669 673 quaesieras,
699 632 876 672 quorum
907 627 1132 673 utrumque
1159 621 1388 660 tractatum
1411 622 1487 670 est,
1515 633 1643 661 unum

110 691 237 732 latius
271 691 449 731 alterum
482 690 668 740 breuius,
702 690 752 731 de
785 690 900 732 Petri
933 690 1099 732 scilicet
1131 690 1313 744 apostoli
1345 691 1487 732 uerbis
1521 693 1563 731 et
1595 690 1645 731 de

111 761 249 803 anima
270 761 440 802 domini.
464 762 701 814 exemplum
723 773 822 802 sane
842 761 1080 803 litterarum
1102 763 1284 810 tuarum,
1307 773 1412 813 quae
1434 761 1647 802 continent

110 833 494 887 interrogationem,
539 835 684 873 utrum
729 831 794 873 dei
840 831 1079 873 substantia
1123 831 1395 884 corporaliter
1437 832 1559 872 uelut
1604 832 1643 872 in

112 905 204 945 loco
242 903 376 944 uideri
414 903 563 956 possit,
601 904 643 944 et
676 902 787 956 apud
825 915 900 944 nos
940 903 1081 944 nescio
1121 915 1202 956 quo
1242 902 1366 943 modo
1406 902 1647 943 aberrarunt

112 987 186 1016 nec
212 974 405 1024 inueniri,
433 987 529 1015 cum
556 973 627 1015 diu
655 976 965 1026 quaererentur,
992 976 1232 1026 potuerunt,
1261 974 1413 1015 iterum
1444 973 1646 1015 admoneo

114 1045 280 1087 mittere
313 1058 362 1086 ne
397 1045 598 1100 graueris.

803 1138 960 1181 CLXV.

113 1219 320 1255 DOMINIS
347 1220 473 1255 VERE
507 1220 707 1256 SANCTIS
734 1219 893 1262 ATQUF,
928 1219 1052 1255 OMNI
1079 1218 1380 1255 OFFICIORUM
1408 1219 1646 1255 CARITATE

115 1278 423 1314 VENERANDIS
461 1280 604 1315 FILIIS
649 1278 962 1315 MARCELLINO
1003 1279 1061 1314 ET
1100 1278 1439 1314 ANAPSYCHIAE
1478 1279 1647 1314 HIERO-

507 1338 672 1375 NYMUS
698 1338 751 1373 IN
779 1338 983 1374 CHRISTO
1013 1338 1249 1374 SALUTEM.

177 1411 361 1453 Tandem
401 1424 448 1453 ex
485 1412 626 1453 Africa
669 1415 835 1453 uestrae
879 1411 1044 1452 litteras
1090 1411 1382 1452 unanimitatis
1427 1411 1569 1465 accepi
1608 1414 1649 1453 et

120 1495 198 1524 non
236 1496 302 1524 me
340 1483 527 1537 paenitet
564 1483 849 1536 inpudentiae,
891 1495 973 1536 qua
1009 1482 1249 1524 tacentibus
1288 1482 1411 1524 uobis
1445 1482 1648 1536 epistulas

168 1611 183 1644 1
213 1611 347 1655 autem]
375 1611 467 1644 enim
495 1611 529 1644 A
603 1611 624 1644 2
651 1622 713 1655 per
739 1621 866 1655 eorpus
893 1621 960 1644 om.
989 1609 1031 1643 K
1116 1611 1136 1644 3
1164 1621 1246 1655 per*
1265 1610 1304 1644 F
1397 1609 1584 1644 diaconem
1611 1610 1651 1643 K

166 1671 201 1703 te
228 1680 295 1705 om.
322 1669 359 1703 P
465 1670 649 1714 accipisse,
676 1681 721 1703 m.
749 1672 767 1703 1
793 1680 883 1704 corr.
912 1670 1094 1714 accepisse
1121 1669 1170 1703 M
1286 1670 1308 1703 4
1334 1669 1527 1704 recentis'll]
1560 1672 1647 1711 (ras.

121 1730 213 1762 1—2
239 1729 275 1771 l.)
301 1728 351 1762 M
437 1731 457 1763 ἵ»
485 1731 639 1762 tractum
670 1728 734 1762 ΟΡ
760 1731 816 1763 (m.
846 1730 870 1761 2
898 1731 1106 1763 tractatum»
1201 1729 1220 1762 6
1248 1727 1369 1762 uerbis
1395 1728 1552 1773 apostoli
1577 1728 1649 1762 PG

121 1789 140 1822 7
168 1789 383 1833 exemplaria
410 1788 449 1821 Κ
558 1789 578 1822 9
606 1788 855 1822 aberraucrint
882 1799 905 1821 a
933 1788 1189 1822 aberrauerunt
1216 1792 1293 1822 cett.
1320 1788 1398 1822 edd.
1519 1789 1561 1823 10
1588 1787 1649 1822 ad-

120 1849 260 1892 moneo}
289 1847 462 1882 admoneo
490 1859 532 1881 ne
560 1851 618 1891 (ne
645 1859 689 1882 m.
718 1850 742 1881 2
769 1848 851 1887 ἀεῖ.)
880 1847 915 1881 Ρ
1021 1848 1058 1880 11
1089 1858 1132 1881 ne
1159 1848 1333 1892 granerisl
1363 1848 1553 1891 negaueris
1580 1847 1652 1881 ΑΡ

264 1942 298 1976 Ρ
335 1959 377 1971 z
405 1942 482 1976 cod.
510 1942 711 1976 Parisinus
738 1944 858 1975 12163
884 1953 911 1976 3.
940 1941 1011 1975 IX.

262 2001 304 2035 K
334 2018 377 2030 ,ἶ-
405 2002 480 2036 cod.
513 2001 743 2035 Coloniensis
772 2003 824 2034 60
848 2012 875 2034 s.
905 2001 976 2034 IX.

274 2060 302 2093 V
333 2077 376 2089 =
405 2060 481 2096 cod.
516 2061 722 2094 Vaticanus
749 2062 827 2094 355
853 2071 880 2093 s.
909 2059 1071 2094 LY-X.

261 2119 309 2154 M
333 2136 375 2148 =
403 2120 480 2154 cod.
507 2119 750 2154 Monacensis
779 2121 884 2153 6:366
909 2130 936 2153 s.
965 2120 1012 2153 X.

260 2178 297 2213 R
333 2195 375 2208 :z
403 2178 480 2213 cod.
516 2179 722 2213 Vaticanus
750 2181 822 2212 341
847 2190 874 2212 s.
902 2178 1063 2212 Χ-ΧΙ,

333 2255 375 2267 =
402 2237 478 2273 cod.
507 2238 799 2282 Salisburqensis
826 2238 863 2271 X
890 2239 942 2271 29
967 2250 995 2273 8.
1024 2237 1184 2272 X—XI.

404 2298 479 2332 cod.
508 2298 918 2342 Audomaropolitanus
947 2300 1007 2334 76.
1036 2299 1070 2334 8.
1100 2299 1123 2331 9
1145 2308 1174 2332 s.
1203 2297 1364 2331 X-XI.

406 2356 484 2391 cod.
512 2357 714 2391 Parisinus
741 2358 842 2391 1790
867 2369 894 2391 s.
923 2357 1084 2391 X-—XL

300 2415 313 2436 2²
335 2432 378 2445 =
405 2416 482 2450 cod.
510 2416 711 2450 Parisinus
735 2428 819 2450 non.
849 2427 925 2460 aeq.
955 2418 1055 2450 1444
1080 2427 1108 2450 s.
1137 2416 1208 2450 XI.

267 2475 300 2509 G
336 2492 378 2504 =
405 2475 479 2510 cod.
512 2475 759 2510 Gottuicensis
785 2478 829 2509 14
857 2477 944 2519 (33)
971 2488 998 2509 s.
1027 2476 1119 2510 XII
1141 2477 1191 2510 in,

301 2357 310 2377 l

261 2238 300 2272 F

264 2299 296 2332 A

263 2357 297 2391 Ρ

263 2415 298 2450 Ρ

336 2373 378 2386 Η
334 2315 376 2327 ΙΙ

173 2569 214 2603 13
241 2570 350 2613 omni}
380 2571 473 2604 omni
502 2581 584 2604 uere
612 2569 658 2603 1²¹
781 2570 975 2603 officiorem
1004 2570 1038 2603 P
1160 2570 1202 2603 14
1230 2569 1314 2603 filiis
1341 2580 1384 2603 ea:
1408 2579 1479 2602 ras.
1511 2567 1650 2611 (fuitne

124 2627 217 2662 filius
244 2627 276 2670 .9)
304 2629 342 2663 F
437 2629 604 2664 marcello
630 2629 666 2664 R
764 2629 978 2673 anapsyciae
1005 2628 1076 2663 ΕΑ
1103 2628 1306 2673 anapsiciac
1333 2627 1382 2661 122
1408 2627 1596 2671 anapsycie
1618 2626 1652 2659 P

126 2688 311 2733 anapsytixj
339 2688 387 2721 M
410 2688 596 2734 anapsatiq¹
628 2688 660 2721 G
738 2688 779 2721 16
807 2687 908 2724 afria.
934 2699 979 2722 m.
1009 2691 1026 2721 1
1052 2686 1100 2730 (Ρ)
1127 2698 1219 2722 corr.
1249 2687 1359 2720 africa
1387 2686 1425 2719 Κ
1499 2688 1649 2723 uestras.

124 2745 186 2779 sed
204 2757 219 2779 s
239 2746 280 2780 in
305 2758 378 2781 ras.
406 2758 450 2780 m.
473 2750 496 2781 3
516 2746 554 2781 F
625 2747 765 2781 litteras
786 2757 854 2782 om.
876 2745 923 2780 Ρι
998 2746 1266 2780 unanimitatis
1287 2746 1374 2788 (fuit
1396 2746 1420 2787 i)
1442 2744 1482 2778 K
1535 2745 1572 2778 17
1595 2755 1649 2778 inc

125 2814 192 2838 om.
205 2805 356 2840 PKVR
370 2817 468 2840 meac
482 2805 533 2840 1³2
601 2807 762 2851 paenitet
775 2816 841 2840 om.
858 2805 908 2839 12²
982 2805 1170 2850 inpuditie‚
1186 2816 1229 2839 m.
1246 2807 1263 2837 1
1277 2815 1366 2838 corr.
1382 2803 1591 2848 inpudentie
1608 2803 1652 2836 M
