1924 3122
0 371 43 414 2V
71 371 121 412 37

129 1027 160 1050 10

75 1219 127 1262 38

131 1382 162 1407 15

132 1737 164 1762 20

700 241 1049 285 epistularum
1091 242 1191 277 CXL.
1628 246 1706 286 187

244 371 464 411 Exaruit
504 371 657 412 uelut
695 372 840 412 testa
879 371 1056 413 uirtus
1097 385 1217 414 meti.
1260 375 1370 414 testa
1409 373 1502 427 igne
1548 374 1707 414 firmata

183 445 265 484 est:
318 442 377 481 sic
422 444 464 482 et
507 442 644 483 uirtus
689 442 874 494 corporis
921 441 1077 483 Christi
1122 456 1199 484 non
1247 444 1358 484 sicut
1402 445 1567 485 faenum
1616 444 1709 494 igne

184 512 456 554 consumitur.
486 512 558 553 sed
580 511 692 553 sicut
716 513 828 553 testa
855 513 1049 566 passione
1077 514 1198 554 uelut
1223 514 1318 567 igne
1347 514 1553 562 firmatum
1583 527 1711 555 uasa

184 582 290 624 enim
327 583 491 636 figuli
529 582 720 636 probat
756 583 954 632 fornax,
984 583 1094 625 sicut
1122 584 1203 625 alio
1231 585 1323 625 loco
1358 585 1566 637 scriptura
1594 585 1710 634 dicit,

186 657 235 696 et
285 654 526 695 homines
579 654 757 695 iustos
808 655 1101 708 temptatio
1154 654 1560 697 tribulationis.
1662 659 1712 695 et

185 726 371 779 lingna
416 737 524 765 mea
569 724 822 765 adhaesit
865 724 1120 766 faucibus
1165 725 1311 766 ineis.
1357 728 1499 779 potest
1542 725 1710 778 quidem

185 795 399 838 silentium
444 795 535 836 eius
580 794 862 849 significatum
910 794 1056 836 uideri.
1103 795 1213 848 quod
1259 798 1299 836 et
1350 795 1457 837 alius
1509 797 1712 849 propheta

186 866 460 917 commendat,
506 879 600 907 cum
647 865 769 907 dicit:
815 865 970 907 Sicut
1015 878 1183 918 agnus
1229 878 1402 907 corani
1450 866 1709 908 tondente

186 938 289 979 fuit
328 938 441 978 sine
481 950 631 986 uoce;
674 937 746 978 sed
786 937 820 978 si
859 937 1044 992 linguam
1087 938 1178 978 eius
1218 950 1288 978 eos
1329 937 1368 978 in
1403 938 1493 979 eius
1527 950 1712 991 corpore,

186 1009 295 1062 quod
328 1012 392 1050 est
425 1008 615 1058 ecclesia,
642 1007 954 1062 intellegamus,
982 1020 1055 1061 per
1081 1020 1185 1060 quos
1220 1021 1343 1049 suum
1370 1008 1558 1061 loquitur
1590 1021 1713 1048 euan-

187 1079 356 1133 gelium.
389 1082 488 1120 tum¹
529 1079 617 1119 eius
657 1078 850 1119 faucibus
891 1078 1128 1127 adhaerent,
1164 1091 1257 1120 cum
1293 1092 1315 1119 a
1348 1078 1584 1132 praeceptis
1623 1080 1713 1119 eins

187 1163 264 1191 non
298 1150 509 1191 recedunt.

247 1220 363 1271 Quod
388 1233 484 1261 nero
508 1221 715 1273 sequitur:
745 1221 807 1261 Et
833 1221 880 1261 in
907 1221 1185 1274 puluerem
1213 1221 1407 1262 mortis
1434 1220 1712 1262 deduxisti

187 1305 272 1334 me.
302 1305 382 1346 quo
416 1292 538 1334 modo
573 1292 699 1344 capiti
733 1292 1010 1346 coaptabitur.
1039 1292 1203 1345 quando
1233 1291 1401 1346 quidem
1430 1305 1580 1345 corpus
1609 1292 1713 1342 eius,

187 1363 297 1417 quod
337 1365 458 1405 tertio
500 1363 564 1404 die
603 1363 840 1412 resurrexit,
881 1376 957 1404 non
999 1366 1063 1404 est
1102 1363 1248 1415 utique
1288 1363 1327 1404 in
1370 1363 1586 1416 puluerem
1634 1363 1715 1404 dis-

188 1436 400 1476 solutum?
436 1448 509 1475 nec
543 1435 663 1476 aliter
697 1438 979 1488 exposuerunt
1011 1434 1207 1487 apostoli.
1237 1434 1347 1486 quod
1376 1434 1413 1474 in
1444 1434 1525 1475 alio
1552 1434 1714 1486 psalmo

189 1506 372 1560 positum
429 1512 511 1546 est:
570 1505 750 1558 Neque
809 1505 961 1546 dabis
1020 1510 1262 1546 sanctuni
1322 1508 1467 1545 tuum
1528 1504 1714 1545 uidere

190 1577 606 1630 corruptionem,
642 1577 720 1617 nisi
756 1576 853 1628 quia
886 1576 975 1617 eius
1017 1589 1109 1617 caro
1150 1590 1227 1617 non
1270 1580 1334 1617 est
1367 1578 1574 1629 corrupta,
1609 1589 1715 1629 quae

189 1651 272 1689 tam
299 1647 488 1689 celeriter
515 1647 751 1688 resurrexit.
786 1646 893 1687 unde
921 1647 1019 1688 item
1049 1647 1087 1688 in
1117 1647 1197 1688 alio
1224 1648 1387 1701 psalmo
1416 1647 1537 1688 dicit:
1573 1645 1715 1697 Quae

190 1718 414 1760 utilitas
449 1719 496 1759 in
533 1719 796 1772 sanguine
830 1731 952 1760 meo.
987 1718 1103 1759 dum
1134 1718 1400 1759 descendo
1430 1718 1474 1758 in
1505 1730 1715 1771 corrup-

192 1790 418 1831 tionem?
484 1790 738 1843 numquid
802 1790 1166 1831 confitebitur
1222 1790 1326 1831 tibi
1384 1789 1570 1843 puluis
1628 1795 1716 1829 aut

191 1860 541 1902 adnuntiabit
572 1861 862 1902 ueritatem
896 1863 1066 1902 tuam?
1100 1860 1178 1902 hoc
1213 1860 1378 1902 scilicet
1403 1860 1562 1902 dicens.
1591 1859 1715 1912 quod,

192 1932 226 1972 si
258 1944 305 1972 eo
337 1931 475 1979 modo,
510 1945 589 1984 quo
624 1937 665 1972 et
698 1932 839 1980 ceteri,
874 1936 1064 1973 mortuus
1105 1932 1387 1972 dimitteretur
1425 1932 1463 1971 in
1498 1931 1715 1985 puluerem

192 2005 233 2043 et
258 2015 350 2044 caro
379 2003 468 2043 eius
498 2003 790 2043 resurrectioni
816 2003 991 2044 ultimae
1013 2006 1263 2043 seruaretur.
1287 2003 1398 2043 nulla
1421 2006 1534 2043 esset
1553 2002 1717 2043 utilitas

313 2167 323 2198 1
356 2165 412 2198 rs.
439 2165 496 2204 21,
527 2165 567 2198 16
690 2164 710 2197 3
738 2163 849 2198 Eceli.
876 2165 931 2203 27,
960 2166 980 2197 6
1092 2165 1112 2197 5
1139 2164 1197 2197 122.
1225 2165 1280 2201 21.
1313 2165 1354 2198 16
1477 2170 1495 2191 s·
1525 2164 1582 2198 Es.
1613 2165 1668 2197 5:15.
1698 2165 1716 2197 ῑ

196 2222 237 2257 13
262 2223 319 2257 Ps.
345 2225 402 2266 21,
433 2224 473 2257 16
551 2223 591 2257 17
619 2223 676 2257 ps.
707 2224 762 2266 15,
792 2224 851 2264 10;
880 2224 957 2257 Act.
985 2224 1018 2266 2,
1045 2223 1106 2264 2τ;
1136 2224 1177 2257 :31
1259 2224 1299 2258 19
1327 2223 1382 2257 Ps.
1411 2224 1466 2266 29,
1498 2224 1539 2257 10

244 2306 257 2339 1
286 2305 446 2340 firmatur
471 2306 521 2339 sic
548 2306 590 2339 N
705 2306 726 2339 2
754 2306 911 2350 corporis
938 2317 1006 2339 om.
1039 2306 1070 2339 T
1095 2306 1263 2351 corp'oris
1294 2306 1326 2339 G
1424 2306 1530 2348 ignea
1557 2305 1718 2340 sumitur.

196 2375 237 2398 m.
265 2369 289 2398 2
314 2366 396 2410 igne
423 2365 623 2399 absumitur
653 2365 686 2399 G
754 2366 774 2399 3
802 2365 971 2400 firmetur.
999 2376 1043 2401 m.
1075 2368 1090 2398 1
1118 2364 1165 2408 (ἒ)
1192 2375 1282 2399 corr.
1312 2367 1471 2398 firmatur
1501 2364 1534 2398 G
1583 2367 1603 2397 li
1631 2364 1718 2408 ling,

196 2435 236 2458 m.
263 2428 303 2458 ut
327 2424 402 2459 uid.
429 2427 449 2458 1
474 2435 565 2459 corr.
592 2424 717 2468 lingua
744 2423 775 2457 L
934 2423 1094 2468 qundem
1121 2425 1214 2468 (fuit
1242 2423 1279 2466 d)
1308 2424 1340 2457 L
1482 2424 1499 2456 ῖ
1530 2427 1565 2457 et
1592 2434 1658 2456 υηι.
1690 2425 1720 2457 Ο

196 2484 216 2517 8
240 2483 463 2523 totendente,
490 2494 532 2517 m.
562 2485 587 2516 2
612 2483 784 2517 tondente
814 2484 847 2517 (ἰ
874 2482 1047 2517 tondente
1074 2494 1111 2517 se
1138 2482 1181 2516 N
1200 2494 1266 2517 sec.
1304 2483 1403 2527 Vuly.
1454 2486 1474 2515 ε)
1502 2483 1528 2515 si
1557 2494 1623 2515 om.
1649 2483 1680 2513 (ι’
1693 2481 1722 2514 'I'

241 2541 365 2584 lingua
390 2542 541 2577 LoRN
631 2553 699 2585 uos,
728 2553 770 2577 m.
799 2544 824 2576 2
851 2546 887 2576 et
914 2554 952 2574 os
981 2541 1013 2575 G
1042 2553 1080 2575 os
1112 2542 1295 2585 murae
1396 2542 1437 2575 lo
1465 2545 1549 2574 anne
1576 2540 1719 2574 intrlle-

197 2611 319 2643 gamus
345 2613 387 2635 m.
417 2605 441 2635 2
467 2602 551 2635 add.
580 2613 639 2636 eos
669 2602 701 2636 G
800 2601 894 2646 quod
922 2601 1029 2636 LOR
1051 2613 1106 2636 ae
1182 2603 1218 2636 ll
1251 2606 1346 2638 tunc.
1375 2613 1415 2635 m.
1441 2605 1465 2634 ,2¹
1491 2601 1551 2644 qui
1578 2606 1662 2633 tunc
1686 2602 1717 2633 (ι’

198 2660 255 2703 qui
282 2664 366 2695 tunc
400 2661 429 2694 T
549 2661 711 2694 saucibus
740 2662 815 2694 eius
849 2661 880 2694 T
993 2660 1164 2702 faecibus,
1192 2672 1235 2694 m.
1262 2662 1421 2703 sortasse
1449 2663 1464 2692 1
1490 2670 1580 2693 corr.
1607 2659 1718 2692 fauci-

198 2717 262 2752 bus
287 2718 320 2753 L
444 2721 484 2752 15»
511 2720 620 2753 tertia
645 2719 722 2754 edd.
838 2721 878 2753 11¹»
906 2719 1061 2764 apostoli
1089 2724 1328 2764 exposuerunt
1362 2719 1390 2752 'I'
1487 2729 1604 2762 quain.
1630 2729 1673 2750 m.
1705 2721 1719 2750 1

198 2787 286 2811 corr.
313 2777 408 2822 quod
440 2778 472 2811 Τ
571 2778 608 2811 17
636 2778 808 2822 positum]
837 2777 973 2811 <lictum
1006 2777 1038 2810 '1’
1136 2779 1176 2811 11⁵<
1211 2789 1290 2811 caro
1319 2777 1394 2810 eius
1424 2776 1499 2810 NT
1593 2778 1638 2809 20
1665 2776 1716 2809 ‹li-

200 2836 326 2870 scendo
354 2837 385 2871 L
412 2836 579 2872 descendi
610 2838 641 2870 (1'
716 2837 761 2871 23
789 2840 823 2870 et
851 2848 917 2870 om.
948 2837 1023 2870 NT
1120 2837 1250 2870 mortui
1286 2837 1316 2869 T
