1952 3118
267 157 351 197 434
740 154 774 187 S.
816 155 996 188 Aureli
1034 154 1324 200 Augustini

267 290 458 342 apostolo
505 288 855 340 unusquisque
901 287 1079 328 donum
1125 287 1378 341 proprium
1424 287 1605 329 habeat
1645 302 1666 329 a
1712 288 1797 329 deo

265 361 396 401 alius
446 360 517 401 sic
563 360 692 401 alius
740 362 905 400 autem
950 359 1035 400 sio.
1082 359 1299 399 ambulent
1341 358 1483 411 itaque
1527 359 1797 411 perfeetionis

264 433 378 473 uiam
411 431 595 472 uenditis
635 431 723 472 suis
764 431 957 472 omnibus
999 430 1124 471 rebus
1159 432 1200 471 et
1231 430 1559 471 misericorditer
1596 431 1795 485 erogatis:

262 503 337 544 sed
378 503 411 544 si
451 516 549 543 uere
594 515 799 556 pauperes
846 501 1003 543 Christi
1048 505 1145 542 sunt
1184 504 1226 541 et
1263 514 1343 542 non
1390 502 1480 542 sibi·
1517 501 1589 542 sed
1630 502 1795 543 Christo

262 574 481 628 eolligunt,
527 574 755 615 infirmiora
800 574 889 615 eius
935 573 1123 614 membra
1168 585 1293 626 quare
1338 573 1525 625 puniant,
1572 577 1794 626 antequam

261 646 382 687 sedes
430 645 669 686 iudiciarias
716 647 992 698 acceperunt?
1040 645 1075 685 si
1113 644 1222 685 enim
1269 645 1374 685 tales
1420 647 1553 694 erunt,
1600 645 1794 697 qualibus

265 717 461 757 dominus
490 717 612 757 dicit:
649 716 906 758 Sedebitis
941 729 1090 769 super
1116 716 1196 756 XII
1225 715 1366 756 sedes
1401 715 1686 756 iudicantes
1713 716 1795 756 XII

262 789 426 829 tribus
478 788 673 828 Israhel
725 790 766 828 et
812 787 860 827 de
906 787 1102 839 qualibus
1155 786 1372 840 apostolus
1427 786 1502 826 ait:
1554 785 1793 835 Nescitis,

258 861 492 913 quoniam
527 859 733 913 angelos
774 858 1142 899 iudicabimus?
1183 859 1430 910 praeparent
1462 869 1505 896 se
1538 857 1680 910 potius
1714 871 1792 898 non

255 930 507 972 eriminosos
554 930 627 970 sed
671 930 891 984 religiosos
939 928 1093 969 diuites
1138 927 1320 980 recipere
1372 928 1419 967 in
1464 928 1793 968 tabernacula

260 1003 474 1053 aeterna,
516 1014 537 1041 a
571 1002 725 1054 quibus
765 1000 889 1041 amici
927 1000 1029 1040 faeti
1069 1002 1166 1040 sunt
1206 999 1260 1039 de
1299 1011 1573 1039 mammona
1611 999 1791 1051 iniqui-

255 1073 392 1113 tatis.
433 1075 534 1125 puto
575 1073 699 1115 enim.
740 1071 852 1125 quod
890 1071 1061 1123 quidam
1101 1083 1259 1119 eorum,
1300 1070 1370 1123 qui
1409 1071 1509 1111 haee
1543 1070 1792 1123 inpudenter

252 1145 383 1196 atque
422 1143 692 1197 inprudenter
730 1143 931 1197 garriunt,
972 1156 994 1183 a
1028 1142 1232 1183 diuitibus
1274 1141 1523 1183 Christianis
1563 1144 1605 1182 et
1636 1142 1716 1195 piis
1749 1142 1787 1181 in

257 1215 346 1256 suis
379 1215 705 1256 necessitatibus
741 1217 1044 1256 sustentantur.
1086 1215 1212 1255 habet
1251 1216 1360 1256 enim
1399 1215 1575 1256 eeclesia
1609 1215 1787 1268 quodam

257 1286 380 1328 inodo
421 1299 520 1327 suos
559 1287 717 1327 milites
758 1290 797 1327 et
837 1286 1019 1339 quodam
1052 1286 1175 1328 modo
1216 1286 1505 1339 prouinciales,
1545 1286 1654 1326 unde
1689 1286 1790 1327 dicit

257 1359 497 1411 apostolus:
533 1357 652 1408 Quis
686 1358 875 1399 militat
907 1358 1012 1399 suis
1054 1358 1323 1411 stipendiis
1363 1360 1621 1410 umquam?
1661 1358 1785 1398 habet

254 1429 421 1470 uineam
438 1432 478 1470 et
491 1430 761 1482 plantatores.
777 1430 904 1470 habet
915 1442 1085 1483 gregem
1100 1432 1141 1469 et
1152 1431 1352 1482 pastores,
1367 1429 1473 1469 unde
1487 1431 1789 1482 consequenter

258 1499 377 1541 dicit:
415 1498 535 1550 Quis
569 1501 766 1553 plantat
798 1501 992 1541 uineam
1021 1506 1067 1541 et
1095 1501 1148 1541 de
1176 1501 1346 1541 fructu
1380 1500 1487 1541 eius
1522 1512 1612 1541 non
1647 1500 1785 1541 edet?

257 1572 369 1624 quis
409 1573 574 1624 pascit
612 1585 811 1626 gregem
852 1575 898 1613 et
937 1572 992 1613 de
1032 1572 1163 1613 laete
1204 1572 1372 1625 gregis
1412 1584 1501 1612 non
1542 1572 1785 1625 percipit?

249 1643 451 1695 quamuis
485 1643 586 1684 talia
620 1643 849 1696 disputare.
884 1643 1023 1696 qualia
1055 1643 1128 1684 isti
1156 1643 1384 1697 disputant,
1418 1656 1497 1684 non
1524 1643 1579 1683 sit
1604 1643 1785 1683 militare

255 1714 328 1754 sed
361 1715 576 1756 rebellare.
617 1728 696 1756 non
731 1716 787 1756 sit
818 1715 1006 1768 plantare
1040 1715 1206 1755 uineam
1247 1715 1320 1755 sed
1360 1714 1580 1765 eradicare,
1619 1728 1696 1756 non
1732 1714 1785 1755 sit

252 1787 486 1838 pascendos
521 1799 774 1841 congregare
807 1787 881 1827 sed
912 1786 1144 1839 perdendos
1179 1800 1200 1828 a
1233 1799 1357 1840 grege
1393 1799 1593 1840 separare.

376 1960 391 1993 1
422 1960 438 1993 Ι
467 1959 545 1995 Cor.
574 1961 605 2001 7,
635 1962 652 1994 Τ
766 1962 784 1994 7
812 1961 943 1994 Matth.
973 1962 1027 2005 19,
1054 1961 1116 2002 (ὣς
1144 1961 1226 1997 Luc.
1256 1962 1311 1997 22.
1339 1961 1383 1996 30
1506 1961 1526 1994 S
1553 1961 1569 1995 I
1597 1960 1674 1996 Cor.
1703 1963 1734 2002 (ὅ,
1763 1963 1782 1994 3

255 2019 298 2053 10
325 2019 408 2053 Luc.
440 2020 493 2057 16,
521 2020 542 2053 9
619 2020 677 2061 16;
709 2020 750 2054 18
777 2020 794 2053 Ι
821 2020 900 2055 Cor.
927 2021 959 2063 9,
988 2022 1006 2054 Τ

300 2114 320 2146 2
349 2114 547 2148 arnbulenti
578 2114 608 2148 (I
633 2115 658 2157 (i
685 2118 792 2158 eras.)
824 2114 853 2147 O
880 2117 937 2158 <esc
964 2116 1178 2160 ambulanti)
1301 2117 1363 2158 ita,
1390 2128 1434 2150 m.
1463 2120 1481 2149 1
1509 2127 1600 2150 corr.
1628 2117 1719 2161 itaq:
1755 2116 1784 2149 T

252 2173 273 2207 3
302 2173 467 2207 omnibus
495 2174 568 2207 suis
595 2174 673 2208 edd.
823 2178 1012 2219 erogantes
1038 2176 1073 2209 P
1195 2176 1214 2209 5
1241 2176 1397 2220 puniunt
1423 2176 1453 2210 L
1483 2176 1560 2210 edd.
1582 2180 1732 2220 praeter
1759 2187 1779 2209 a

252 2235 390 2277 ponunt
420 2233 451 2265 Ι)
507 2234 527 2267 6
555 2232 747 2268 iusliearias
778 2234 841 2269 OL
917 2235 1121 2280 acceperint
1146 2235 1219 2269 PT
1242 2236 1319 2269 edd.
1349 2236 1527 2280 accipiant
1553 2235 1587 2269 L
1644 2237 1661 2269 7
1691 2235 1778 2269 (luo—

254 2290 370 2325 decim
399 2291 501 2326 sedes
522 2292 556 2325 L
582 2293 661 2326 edd.
684 2293 786 2327 sedes
809 2293 996 2328 duodecim
1019 2294 1050 2328 T
1124 2295 1310 2329 duodecim
1337 2296 1452 2329 tribus
1479 2295 1511 2328 T
1534 2295 1612 2329 edd.
1688 2296 1707 2326 8
1730 2295 1779 2328 ait

252 2351 438 2395 apostolus
470 2352 502 2384 Τ
617 2353 705 2386 dicit
736 2352 764 2387 O
791 2353 869 2387 edd.
961 2355 982 2388 9
1008 2354 1247 2388 iudicauimus
1278 2355 1307 2389 G
1332 2358 1389 2395 (m.
1419 2358 1443 2388 2
1468 2355 1719 2398 iudicabimus)
1752 2356 1780 2389 Ο

299 2412 384 2455 non]
414 2412 450 2444 in
477 2412 511 2444 Γ
611 2412 653 2445 10
682 2413 745 2446 sed
770 2413 961 2457 religiosos
989 2426 1055 2448 nm.
1088 2415 1151 2448 00
1184 2407 1196 2423 ⁴
1244 2415 1284 2448 11
1315 2426 1334 2448 a
1360 2425 1426 2449 om.
1454 2415 1487 2448 L
1583 2415 1667 2448 facti
1697 2422 1778 2448 sunt

252 2471 357 2504 amici
389 2470 421 2503 Τ
473 2472 512 2504 12
541 2470 638 2515 quid,
665 2483 708 2507 m.
738 2475 756 2505 1
777 2471 844 2515 (39)
875 2484 965 2508 corr.
995 2473 1088 2517 quod
1121 2475 1149 2505 ()
1223 2463 1391 2518 inputent
1417 2477 1475 2518 (z
1501 2474 1726 2518 inputentur)
1747 2475 1781 2507 Ι)

254 2530 297 2563 13
323 2529 519 2573 prudenter
548 2529 610 2564 CO
700 2531 742 2564 14
769 2531 1020 2567 subsestantur
1045 2533 1080 2567 1³
1155 2533 1420 2577 quodannnodu
1447 2534 1481 2567 P
1567 2534 1608 2567 15
1635 2533 1776 2578 prouin—

252 2589 374 2633 ciales]
403 2601 484 2623 suos
511 2590 751 2633 prouinciales
779 2591 811 2624 L
913 2592 953 2626 16
982 2591 1180 2636 dispendiis
1205 2592 1239 2626 L
1349 2593 1472 2637 habet]
1498 2593 1609 2627 habet
1635 2597 1670 2626 et
1697 2593 1774 2628 edd.

252 2647 295 2682 is
322 2648 432 2682 fluctu
454 2648 487 2681 L
562 2649 654 2692 edet,
681 2660 726 2683 m.
754 2654 778 2684 2
805 2650 880 2684 edit
911 2652 939 2685 C
964 2651 1039 2685 edit
1059 2652 1131 2685 PT
1155 2652 1232 2686 edd.
1260 2663 1324 2686 see.
1352 2663 1444 2688 sacr.
1468 2653 1535 2686 litt.
1590 2654 1631 2686 19
1654 2660 1776 2696 pascet

247 2707 284 2740 (J
308 2710 366 2745 (m.
396 2711 420 2741 :3
446 2708 574 2751 pascit)
606 2709 635 2741 ζ)
750 2710 881 2754 gregis]
911 2711 986 2744 eius
1018 2711 1194 2755 Tflrm
1316 2703 1360 2746 20
1387 2715 1515 2756 putant
1541 2712 1576 2745 P
1653 2738 1657 2741 -
1690 2717 1774 2755 post

246 2767 404 2801 militare
432 2778 504 2800 ras.
533 2770 629 2801 1-—2
653 2768 675 2801 l.
709 2769 738 2802 (Ι
761 2769 903 2803 imitare
929 2770 965 2803 P
1036 2772 1078 2804 21
1107 2771 1265 2805 reuelare
1292 2773 1326 2805 l’
1422 2773 1560 2805 uineanr
1589 2782 1654 2805 om.
1682 2772 1717 2804 P

1821 941 1852 965 10

1817 1296 1849 1322 15

1812 1653 1845 1677 20

1936 2842 1948 2974 ΑΊ-τ--κ
1943 2824 1945 2829 2
1928 2546 1952 2818 *noum-‘alfiff‘ssfflffl
1942 2483 1946 2489 =
