1952 3118
208 1167 259 1206 11

300 186 385 226 496
775 183 808 218 S.
850 183 1029 216 Aureli
1070 183 1358 227 Augustini

299 313 532 365 periculum
566 312 727 353 nullum
764 314 862 362 erat,
905 312 1094 353 medicus
1129 312 1283 354 aberat.
1319 313 1389 365 qui
1423 313 1590 365 penitus
1625 313 1828 354 sollicitu-

299 384 434 424 dinem
466 383 623 424 nullam
652 396 742 424 esse
770 386 997 424 testaretur
1023 409 1079 412 —
1107 386 1148 425 at
1174 383 1248 424 ubi
1275 397 1317 425 se
1344 384 1384 424 in
1411 384 1569 425 lectum
1596 384 1828 433 inclinauit,

297 456 464 496 solutus
500 457 564 496 est
595 455 707 495 idem
742 455 970 509 presbyter.
1006 468 1080 496 nec
1115 458 1246 497 taceo.
1282 461 1322 496 et
1348 455 1387 496 111
1417 455 1494 496 1100
1521 456 1612 509 ipso
1641 456 1719 506 die,
1749 469 1828 508 quo

297 539 400 579 puer
439 526 696 575 soluebatur,
737 527 843 580 petit
882 529 1042 580 patrem
1084 527 1133 567 ad
1166 539 1311 579 pacem
1346 529 1386 567 et
1418 527 1526 580 petit
1557 527 1681 568 tertio
1717 530 1757 568 et
1789 527 1829 567 in

297 597 478 650 singulis
513 598 670 638 osculis
706 598 872 638 dicebat
905 598 1032 651 patri:
1073 598 1212 638 ‘Pares
1253 597 1442 638 dicamus
1477 598 1551 638 deo
1588 597 1757 652 gratias’
1791 601 1830 638 et

296 670 455 721 patrem
491 669 681 723 cogebat.
722 671 771 710 ut
803 669 959 722 pariter
993 682 1135 710 secum
1178 669 1365 718 dixisset,
1406 669 1526 721 quasi
1566 681 1831 710 communem

294 740 517 781 exhortans
564 740 614 781 ad
660 740 924 794 migrandum
972 753 1018 781 ex
1063 741 1139 781 hac
1184 741 1286 781 uita.
1339 753 1434 781 nam
1479 740 1586 781 inter
1629 743 1831 794 utrosque

297 814 456 864 septem
495 811 582 852 dies
617 812 743 853 medii
772 814 1056 854 numerantur.
1092 811 1191 864 quid
1218 811 1289 852 fiet
1317 811 1364 852 de
1392 811 1519 852 tantis
1547 811 1701 853 rebus?
1737 812 1830 865 quis

296 883 374 923 erit
430 883 690 924 occultarum
747 883 926 924 istarum
985 895 1207 923 causarum
1264 881 1540 923 fidelissimus
1599 883 1829 937 magister?

297 957 439 995 aestus
480 954 616 996 cordis
656 954 737 995 mei
777 954 933 994 refudit
973 967 1015 994 se
1055 953 1133 994 tibi
1172 954 1211 994 in
1252 956 1440 1006 tempore
1475 954 1708 1007 angustiae.
1750 954 1830 995 dis-

296 1026 486 1078 pensatio
528 1026 663 1066 exitus
703 1025 821 1079 pueri
862 1025 1037 1077 eiusque
1077 1022 1307 1077 patrisest
1340 1025 1578 1068 manifesta.
1619 1025 1716 1078 quia
1750 1025 1830 1066 dno

295 1109 488 1149 passeres
522 1110 602 1137 non
638 1096 787 1137 cadent.
821 1096 871 1136 ad
905 1099 1057 1136 terram
1093 1096 1181 1136 sine
1215 1095 1433 1137 uoluntate
1466 1096 1610 1149 patris.

356 1168 551 1209 Animam
592 1181 687 1221 ergo
731 1167 842 1208 omni
882 1180 1052 1220 corpore
1099 1180 1235 1208 carere
1274 1167 1443 1220 penitus
1482 1180 1560 1208 non
1602 1180 1722 1220 posse
1761 1167 1832 1208 11111

294 1252 374 1287 res,
408 1242 455 1280 ut
488 1242 605 1291 puto.
646 1238 843 1288 ostendit,
887 1238 983 1291 quia
1025 1238 1126 1279 deus
1168 1239 1283 1279 solus
1318 1238 1430 1279 omni
1466 1251 1633 1291 corpore
1669 1251 1832 1291 semper

296 1313 420 1351 caret.
446 1312 543 1364 post
569 1310 794 1351 transitum
823 1312 964 1350 autem
997 1309 1177 1350 animam
1206 1297 1329 1362 quam
1358 1310 1492 1362 magis
1516 1309 1829 1363 uigilantiorem

295 1383 396 1432 fore,
430 1381 620 1430 arbitror.
655 1381 860 1434 expositio
895 1383 1034 1421 tantae
1067 1381 1191 1422 molis
1227 1393 1447 1434 corporeae
1491 1381 1691 1422 ostendit:
1733 1385 1831 1422 tunc

295 1454 405 1494 enim
433 1453 473 1493 in
503 1453 664 1493 actione
693 1454 733 1493 et
766 1453 1005 1506 cognitione
1042 1452 1233 1504 expedita
1266 1454 1382 1494 tanto
1417 1452 1600 1494 uinculo.
1635 1455 1682 1493 ut
1714 1455 1831 1506 puto,

294 1527 466 1578 apparet
515 1525 796 1577 praestantior
840 1527 881 1565 et
927 1524 1061 1565 omnis
1107 1525 1180 1564 illa
1226 1524 1343 1576 quies
1391 1524 1591 1577 spiritalis
1638 1526 1830 1566 omnibus

295 1597 681 1651 perturbationibus
704 1599 745 1637 et
767 1596 976 1637 erroribus
997 1596 1170 1637 liberam
1201 1596 1471 1647 demonstrat,
1498 1609 1575 1637 non
1604 1597 1830 1638 marcidam

295 1671 336 1709 et
371 1668 490 1721 quasi
527 1681 697 1722 segnem
733 1670 773 1708 et
806 1668 1015 1721 torpidam
1051 1670 1091 1708 et
1124 1667 1384 1721 implicatam
1418 1668 1533 1717 facit,
1577 1668 1730 1721 quippe
1765 1668 1830 1708 cui

297 1739 455 1780 sufficit
492 1739 646 1792 perfrui
689 1739 813 1780 etiam
859 1739 952 1791 ipsa
996 1739 1205 1780 libertate.
1253 1752 1374 1792 quam
1423 1739 1572 1792 adepta
1612 1741 1688 1790 est,
1737 1752 1830 1780 cum

295 1810 500 1850 mundum
529 1812 570 1850 et
597 1822 747 1862 corpus
777 1812 907 1853 caret:
937 1822 1031 1850 nam
1059 1810 1321 1850 intellectum
1353 1823 1442 1851 eam
1470 1810 1584 1862 pasci
1614 1812 1654 1851 et
1680 1823 1830 1863 ponere

297 1894 341 1921 os
377 1881 564 1933 spiritale
599 1880 654 1920 ad
686 1880 844 1921 fontem
879 1879 991 1920 uitae
1026 1879 1253 1933 prudenter
1286 1880 1442 1922 dixisti.
1477 1880 1549 1921 ubi
1577 1888 1639 1921 est
1667 1881 1765 1921 felix
1793 1884 1832 1921 et

295 1952 416 1992 beata
455 1951 710 2005 proprietate
750 1951 901 1992 mentis
943 1964 1055 1992 suae.
1098 1964 1191 1992 nam
1232 1951 1454 2005 aliquando
1491 1964 1565 2006 ego
1603 1951 1829 1993 Seruilium

295 2022 465 2064 fratrem
499 2025 597 2076 post
629 2023 720 2064 eius
755 2023 910 2063 exitum
944 2035 1016 2076 per
1050 2023 1258 2064 somnium
1291 2023 1380 2063 uidi
1414 2023 1550 2064 adhuc
1582 2023 1639 2064 ibi
1666 2023 1829 2076 positus
1855 2054 1868 2062 .

296 2094 337 2134 in
370 2094 625 2135 monasterio
648 2125 1046 2135 ..............
1083 2093 1193 2146 quod
1226 2107 1301 2135 nos
1335 2107 1407 2147 per
1438 2095 1639 2135 rationem
1673 2094 1829 2136 labore-

298 2178 392 2205 mus
430 2165 599 2206 tendere
640 2165 691 2205 ad
728 2164 1006 2206 intessectum.
1049 2177 1092 2205 se
1126 2167 1268 2205 autem
1302 2167 1342 2206 et
1374 2166 1479 2206 tales
1513 2165 1602 2219 ipsa
1645 2167 1829 2206 contem-

297 2235 495 2289 plationis
531 2236 810 2277 delectatione
844 2248 1023 2277 manere.

420 2353 459 2387 11
489 2353 618 2387 Matth.
649 2353 701 2388 lo.
730 2354 774 2387 29
849 2354 892 2387 22
920 2353 1012 2397 Aug.
1042 2352 1193 2387 confess.
1221 2353 1269 2387 IX
1297 2354 1328 2396 3,
1357 2354 1376 2387 6

349 2438 363 2470 1
395 2436 520 2470 aderat
548 2436 582 2470 P
679 2438 698 2470 5
726 2437 842 2481 pares?
872 2439 975 2481 pater
1002 2448 1034 2470 m
1136 2438 1177 2470 lo
1205 2436 1363 2470 refundit
1398 2437 1465 2470 Vs
1492 2436 1569 2471 edd.
1682 2448 1717 2469 so
1746 2437 1825 2481 tibi]

299 2496 349 2529 ibi
377 2496 412 2529 P
510 2496 550 2529 11
583 2507 651 2540 qua
677 2496 712 2529 P
811 2497 852 2530 13
881 2497 997 2530 anima
1025 2497 1059 2530 P
1152 2497 1193 2530 16
1222 2496 1313 2530 forte
1342 2496 1444 2530 codd.
1473 2497 1546 2530 lsr
1645 2497 1685 2529 ‘21
1716 2497 1828 2541 ipsam

298 2557 346 2598 <sm
373 2557 465 2598 eaep.)
493 2555 737 2599 libertatequa
763 2558 798 2600 <q
826 2555 863 2589 iv
892 2566 965 2590 ras.
996 2567 1037 2589 m.
1068 2556 1203 2600 1;fuit
1229 2567 1275 2599 m·
1302 2555 1337 2589 P
1460 2556 1504 2589 <32
1533 2555 1662 2588 mundo
1692 2558 1727 2588 et
1755 2566 1827 2588 cor-

297 2626 382 2658 pore
416 2614 487 2648 VU
511 2614 606 2655 edd.;
636 2616 681 2658 cf.
703 2626 742 2658 22·
774 2617 861 2657 492,
889 2617 936 2649 10
1089 2626 1129 2649 ea
1165 2614 1237 2649 VU
1264 2615 1341 2649 edd.
1466 2614 1510 2647 23
1539 2625 1626 2648 onus
1660 2614 1733 2648 Vl*
1757 2615 1829 2648 [κν

346 2674 539 2718 prudentes
567 2673 706 2708 dixistis
727 2675 762 2707 P
810 2675 855 2708 ‘25
876 2675 927 2708 ibi
948 2686 1015 2709 om.
1042 2674 1112 2709 I'U
1131 2674 1209 2708 edd.
1261 2675 1305 2707 26
1320 2678 1405 2718 pos-t
1426 2674 1642 2707 monasterio
1665 2674 1824 2707 relictum

299 2736 349 2766 esc
373 2733 535 2776 spatium
562 2735 608 2767 13
631 2734 713 2777 fere
746 2733 946 2767 litterarium
984 2735 1020 2768 in
1048 2734 1090 2767 P.
1119 2735 1165 2767 13
1188 2734 1269 2777 fere
1297 2734 1318 2767 l.
1346 2734 1386 2767 in
1419 2733 1458 2768 V.
1489 2735 1534 2766 16
1551 2734 1633 2776 fere
1659 2732 1681 2767 l.
1711 2732 1748 2766 in
1781 2731 1826 2771 (⁷,-

301 2792 437 2826 Iacuna
457 2792 670 2837 sissmficata
691 2797 740 2827 est
760 2793 794 2826 in
817 2793 888 2828 lsr.
910 2794 1032 2828 uerbis
1053 2794 1111 2838 qui
1133 2793 1220 2827 dixit
1239 2793 1380 2836 expleta
1401 2793 1439 2827 in
1454 2804 1484 2826 m
1538 2792 1580 2825 Ξῖ
1596 2792 1631 2825 111
1653 2792 1729 2836 ipsa
1752 2791 1823 2825 [fm

1857 970 1888 994 10

1860 1325 1888 1350 15

1855 1681 1885 1705 ‘20
