1844 3122
73 966 109 993 10

73 1319 106 1346 15

69 1677 104 1703 20

63 2033 98 2060 2⁵

512 180 865 226 epistularum
905 180 1097 216 CXXVIII.
1138 180 1295 216 CXXIX.
1617 186 1671 227 35

134 311 359 354 ecclesiam
400 324 493 353 esse
533 311 826 365 quaerendam,
866 310 937 352 ubi
972 310 1166 353 Christus
1206 311 1446 366 redemptor
1485 313 1576 354 eius
1616 313 1674 354 in-

139 383 303 425 notuit?
331 395 425 424 nam
454 382 566 424 sicut
592 394 672 424 non
701 381 896 424 audimus
918 386 1062 424 contra
1083 381 1298 424 Christum
1321 395 1406 432 eos,
1429 383 1501 437 qui
1529 383 1676 425 dicunt

138 466 288 508 corpus
316 454 406 495 eius
439 454 489 495 de
517 453 708 507 sepulcro
737 453 921 494 furatum
950 466 972 494 a
999 453 1234 507 discipulis,
1264 454 1323 495 sic
1356 467 1437 496 non
1471 455 1672 498 debemus

136 525 279 567 audire
319 527 463 566 contra
502 525 592 566 eius
631 524 853 566 ecelesiam
893 537 980 574 eOS,
1021 524 1091 578 qui
1130 525 1277 566 dicunt
1315 538 1394 567 non
1441 539 1531 568 eam
1578 539 1671 569 esse

136 596 214 638 nisi
253 596 293 637 in
333 596 436 637 solis
473 596 585 637 Afris
624 598 666 638 et
702 595 899 637 Afrorum
944 595 1216 650 paucissimis
1262 596 1404 638 sociis.
1451 599 1671 651 apostolus

136 668 289 721 quippe
323 667 439 717 dicit,
466 667 662 721 quoniam
696 679 867 709 ueraces
896 667 1124 709 Christiani
1158 667 1346 709 membra
1373 671 1471 710 sunt
1498 669 1670 711 Christi.

134 739 246 780 sicut
273 751 369 793 ergo
397 751 477 780 non
505 738 714 780 credimus
739 738 850 780 furto
874 738 1125 792 cuiusquam
1146 738 1305 793 perisse
1327 752 1493 781 carnem
1516 739 1672 782 Christi

133 813 341 851 mortuam
377 810 426 851 de
461 810 668 862 sepulcro,
697 808 758 850 sic
791 809 957 850 credere
991 822 1070 851 non
1099 809 1301 851 debemus
1328 811 1501 862 peccato
1531 810 1670 852 cuius-

134 893 258 934 quam
299 880 398 922 uiua
437 880 526 922 eius
566 880 753 921 membra
790 881 950 934 perisse
990 880 1040 921 de
1079 880 1249 922 mundo.
1295 893 1375 922 non
1420 883 1484 922 est
1527 881 1670 935 itaque

134 951 318 1001 difficile,
352 951 548 1004 quoniam
582 954 709 1005 caput
741 954 806 992 est
833 951 1025 993 Christus
1060 954 1101 992 et
1133 964 1285 1004 corpus
1319 951 1512 1000 ecclesia,
1542 952 1669 993 simul

132 1022 173 1064 in
207 1023 426 1076 euangelio
459 1022 798 1064 commendatum
832 1022 975 1064 uidere
1009 1025 1050 1063 et
1089 1023 1215 1075 caput
1254 1024 1399 1064 contra
1436 1022 1668 1065 calumnias

131 1094 383 1135 Iudaeorum
416 1096 457 1135 et
495 1106 646 1146 corpus
685 1095 829 1134 contra
868 1093 1181 1134 criminationes
1214 1093 1533 1137 haereticorum.
1572 1107 1667 1135 nam

133 1165 244 1218 quod
276 1164 450 1219 legitur:
487 1164 787 1218 Oportebat
821 1163 1096 1206 Christum
1136 1164 1250 1217 pati
1290 1166 1341 1206 et
1378 1175 1666 1219 resurgere

133 1249 154 1277 a
183 1236 411 1277 mortuis
444 1236 614 1278 tertio
649 1235 747 1278 die.
776 1239 920 1277 contra
953 1248 1024 1278 eos
1058 1238 1135 1284 est,
1170 1235 1242 1288 qui
1276 1235 1419 1277 dicunt
1451 1238 1664 1278 mortuum

133 1307 182 1348 de
216 1307 408 1360 sepulcro
443 1319 535 1349 esse
569 1307 803 1357 sublatum3
845 1306 956 1361 quod
996 1309 1136 1348 autem
1177 1307 1384 1360 sequitur:
1424 1307 1488 1348 Et
1525 1320 1665 1361 prae-

133 1378 303 1420 dicari
338 1379 386 1419 in
421 1379 627 1420 nomine
662 1378 775 1420 eius
810 1378 1171 1432 paenitentiam
1207 1380 1254 1419 et
1286 1378 1662 1419 remissionem

131 1453 479 1502 peccatorum
530 1463 620 1504 per
670 1462 847 1492 omnes
901 1452 1091 1504 gentes
1149 1449 1554 1503 incipientibus
1607 1449 1663 1491 ab

134 1520 486 1571 Hierusalem,
521 1524 664 1562 contra
698 1533 767 1562 eos
802 1522 879 1569 est,
915 1520 986 1574 qui
1020 1520 1166 1561 dicunt
1197 1532 1276 1561 non
1311 1532 1403 1561 esse
1443 1520 1664 1562 ecclesiam

130 1592 171 1633 in
206 1592 302 1633 orbe
340 1595 556 1641 terrarum,
590 1594 638 1633 ut
670 1605 751 1633 uno
791 1591 909 1633 breui
949 1591 1134 1645 capitulo
1173 1591 1404 1645 paucisque
1444 1591 1584 1632 uerbis
1624 1594 1666 1633 et

130 1663 327 1705 inimicus
360 1663 509 1716 capitis
545 1666 586 1704 et
616 1663 814 1704 inimicus
848 1663 1033 1716 corporis
1067 1663 1295 1716 repellatur
1328 1665 1382 1711 et,
1417 1663 1452 1704 si
1485 1663 1665 1705 fideliter

130 1734 377 1784 adtenderit,
412 1734 657 1788 corrigatur.

188 1805 293 1847 Nam
332 1808 473 1847 tenere
517 1805 621 1847 istas
667 1805 911 1847 inimicitias
958 1805 1105 1847 fratres
1150 1807 1317 1847 nostros
1362 1808 1479 1847 tanto
1524 1805 1661 1859 magis

126 1877 333 1927 dolemus,
366 1879 521 1930 quanto
556 1877 689 1931 magis
729 1889 799 1918 eos
840 1879 1007 1918 constat
1046 1876 1216 1918 easdem
1255 1877 1484 1930 scripturas
1523 1877 1659 1918 nobis-

125 1960 221 1989 cum
258 1951 413 1997 tenere,
455 1948 608 2001 quibus
649 1948 749 1989 haec
789 1948 1054 2001 apertissima
1092 1947 1336 1990 testimonia
1381 1947 1658 1997 continentur·

123 2019 267 2060 Iudaei
307 2019 474 2073 quippe,
511 2019 583 2073 qui
620 2021 775 2073 negant
812 2019 1089 2060 resurrexisse
1125 2018 1356 2067 Christum,
1390 2019 1539 2059 saltem
1580 2031 1659 2059 non

123 2090 335 2144 accipiunt
385 2090 667 2144 euangelium.
717 2090 791 2131 isti
842 2092 983 2131 autem
1041 2083 1188 2131 fratres
1246 2089 1378 2131 nostri
1435 2089 1659 2142 utriusque

122 2161 362 2202 testamenti
402 2161 650 2202 auctoritate
690 2160 875 2202 deuincti
917 2163 1014 2202 sunt
1054 2163 1096 2202 et
1140 2163 1279 2202 tamen
1325 2160 1536 2202 criminari
1582 2173 1657 2201 nos

123 2232 274 2273 uolunt
306 2232 355 2273 de
389 2232 607 2286 euangelio
641 2232 796 2274 tradito
832 2234 873 2272 et
905 2232 1054 2273 nolunt
1087 2231 1124 2273 ei
1158 2231 1325 2273 credere
1358 2231 1549 2273 recitato.
1584 2231 1654 2272 sed

123 2315 230 2344 nunc
262 2303 442 2344 fortasse
474 2303 601 2344 huius
637 2302 887 2345 conlationis
922 2315 1020 2344 cura
1053 2305 1252 2356 suscepta
1284 2302 1531 2356 diligentius
1566 2314 1655 2355 per-

122 2373 296 2415 scrutati
330 2375 428 2414 sunt
461 2373 689 2427 scripturas
723 2375 888 2415 sanctas
928 2376 984 2423 et,
1019 2373 1116 2426 quia
1154 2373 1194 2413 in
1235 2373 1295 2414 eis
1335 2371 1657 2414 innumerabilia

240 2524 260 2557 ‘2
288 2524 418 2559 Matth.
445 2525 502 2567 27,
529 2526 589 2563 642
618 2525 674 2563 28,
706 2525 746 2559 13
845 2525 864 2558 6
892 2524 984 2569 Eph.
1011 2524 1043 2560 4.
1071 2523 1116 2557 '25
1195 2523 1237 2558 10
1264 2522 1353 2568 Eph.
1380 2524 1413 2564 4,
1444 2523 1503 2558 15:
1532 2524 1564 2558 ὃ.
1592 2523 1655 2558 ‘232

124 2580 198 2617 Col.
229 2583 259 2621 1,
290 2584 330 2617 18
408 2584 450 2618 13
477 2584 562 2618 Luc.
588 2584 647 2623 ⁵24,
673 2585 719 2618 4⁴3
797 2584 838 2617 15
866 2583 948 2618 Luc.
975 2583 1031 2621 24,
1059 2583 1103 2617 4?

170 2666 190 2699 3
218 2666 292 2700 eius
320 2666 387 2701 (ius
413 2667 454 2700 in
480 2678 553 2701 ras.
580 2678 624 2701 m.
653 2669 684 2709 1)
712 2666 747 2701 Ρ
834 2667 851 2700 'a'
881 2644 1029 2711 periisse
1056 2677 1087 2699 m
1176 2666 1209 2718 9*
1227 2664 1374 2708 periisse
1402 2675 1432 2697 m
1508 2663 1554 2697 20
1583 2663 1650 2697 ini-

121 2725 220 2758 mic'ae
240 2736 274 2758 εει
300 2726 518 2766 eras.;‘ui.z·
545 2738 587 2762 m.
617 2729 646 2765 1)
674 2726 802 2770 capitis
829 2725 863 2759 P
934 2725 979 2759 ⁴29
1007 2725 1222 2769 perscrutati
1249 2735 1307 2765 {kz
1330 2722 1601 2768 perscrutaturi)
1624 2722 1658 2755 P

120 2784 168 2818 30
194 2788 271 2818 sczis
299 2784 333 2818 P
358 2796 474 2819 sacras
504 2796 532 2818 m

1559 2849 1602 2883 3*
