1844 3122
85 173 107 209 ⁴3
559 173 591 203 S.
633 169 813 203 Aureli
853 169 1139 212 Augustini

81 300 231 341 111111111.
288 299 384 352 quia
435 301 529 351 post
580 299 829 340 iurationem
881 299 977 340 ficta
1029 298 1169 339 nescio
1222 311 1302 351 qua
1355 298 1606 339 necessitate

81 369 271 411 redierat.
305 370 363 411 ita
390 383 469 411 non
498 370 786 419 adtenderunt,
816 370 886 422 qui
915 382 1009 410 eum
1039 371 1185 410 senatu
1214 370 1476 422 pepulerunt.
1506 369 1602 422 quid

81 440 172 494 ipse
210 441 382 482 iurando
423 441 665 495 cogitasset.
701 440 772 481 sed
813 440 912 493 quid
958 440 1007 480 ab
1053 441 1141 490 illo,
1187 440 1339 493 quibus
1383 440 1605 481 iurauerat.

81 513 353 564 expectarent.
393 524 468 552 nec
505 512 707 565 legerant,
748 511 858 564 quod
897 524 971 552 nos
1016 524 1320 564 usquequaque
1367 514 1604 552 cantamus:

82 582 179 633 Qui
218 583 361 623 iurat
397 582 632 635 proximo
675 595 767 623 suo
809 584 857 622 et
897 594 993 622 non
1029 581 1248 634 decipit.
1283 583 1468 623 solemus
1502 582 1605 623 haec
1652 596 1668 620 5

81 653 273 706 quamuis
307 653 346 693 in
380 653 620 694 hominibus
649 666 670 693 a
699 652 855 694 Christi
889 653 1024 707 gratia
1057 654 1098 694 et
1129 653 1294 695 nomine
1329 653 1476 694 alienis
1511 666 1606 694 cum

78 724 233 779 ingenti
268 724 539 765 admiratione
572 724 761 777 laudare3
798 729 838 764 et
871 724 1007 765 adhuc
1039 724 1079 765 in
1118 725 1236 766 libris
1280 725 1434 766 diuinis
1472 725 1607 777 inqui-

78 795 251 836 rendum
284 797 497 848 putamus,
525 798 666 836 utrum
693 795 915 848 aliquando
948 795 1065 837 licite
1096 795 1346 848 peieremus
1374 796 1445 837 ubi
1472 797 1606 846 nobis,

80 880 128 908 ne
160 867 324 908 iurandi
356 867 557 908 facilitate
590 867 630 907 in
664 867 893 919 periurium
934 867 1214 920 prolabamur,
1249 868 1375 909 etiam
1414 881 1605 922 praecep-

78 942 166 979 tum
201 942 277 989 est,
312 951 359 979 ne
393 939 610 979 iuremus?
1631 954 1665 978 10

136 1010 248 1050 Illud
282 1022 379 1050 sane
411 1009 647 1051 rectissime
675 1009 756 1050 dici
783 1022 862 1050 non
891 1010 1073 1064 ambigo,
1101 1023 1181 1052 non
1216 1010 1446 1052 secundum
1479 1011 1608 1051 uerba

78 1081 252 1122 iurantis
287 1081 360 1122 sed
393 1081 623 1122 secundum
659 1081 988 1134 expectationem
1016 1081 1147 1131 illius,
1177 1083 1245 1123 cui
1278 1082 1451 1132 iuratur,
1481 1094 1603 1134 quam

78 1153 198 1193 nouit
246 1152 329 1203 1116,
377 1152 447 1205 qui
498 1152 620 1203 iurat,
673 1152 797 1193 fidem
843 1153 1062 1194 iurationis
1106 1153 1286 1206 impleri.
1332 1166 1425 1193 nam
1480 1152 1607 1193 uerba

78 1223 324 1264 difficillime
358 1223 715 1277 comprehendunt
747 1224 925 1265 maxime
963 1224 1148 1265 breuiter
1187 1224 1450 1274 sententiam,
1486 1223 1605 1265 cuius

78 1307 99 1334 a
126 1294 286 1335 iurante
319 1295 421 1335 fides
450 1294 641 1349 exigitur.
677 1295 785 1336 unde
818 1294 974 1348 periuri
1007 1297 1117 1346 sunt,
1147 1295 1218 1348 qui
1252 1295 1431 1337 seruatis
1465 1295 1605 1336 uerbis
1635 1311 1668 1335 15

78 1366 407 1418 expectationem
459 1379 617 1416 eorum,
671 1366 825 1419 quibus
876 1366 1061 1408 iuratum
1114 1369 1191 1417 est,
1247 1367 1513 1420 deceperunt,
1565 1370 1606 1407 et

77 1437 229 1489 periuri
267 1450 345 1478 non
387 1440 497 1485 sunt,
537 1437 608 1491 qui
648 1437 775 1478 etiam
813 1438 955 1479 uerbis
994 1450 1074 1479 non
1116 1438 1295 1479 seruatis
1334 1437 1455 1487 illud,
1496 1437 1606 1490 quod

76 1508 124 1549 ab
171 1509 244 1549 eis.
291 1521 383 1550 cum
429 1509 626 1557 iurarent,
667 1511 930 1563 expectatum
976 1512 1054 1559 est,
1094 1509 1389 1562 impleuerant.
1435 1508 1606 1562 proinde

77 1579 173 1632 quia
198 1580 506 1632 Hipponienses
535 1582 727 1621 sanctum
756 1580 976 1621 Pinianum
1004 1594 1083 1622 non
1113 1580 1224 1622 sicut
1257 1580 1500 1621 damnatum
1534 1579 1607 1621 sed

77 1650 186 1691 sicut
208 1650 471 1692 carissimum
500 1651 824 1692 inhabitatorem
853 1664 952 1693 suae
975 1651 1162 1693 ciuitatis
1187 1652 1337 1693 habere
1365 1651 1605 1700 uoluerunt,
1633 1665 1668 1692 20

77 1721 155 1761 etsi
201 1722 340 1763 uerbis
387 1722 475 1762 eius
522 1735 599 1763 non
646 1723 749 1764 satis
790 1722 1087 1776 comprehendi
1131 1723 1284 1776 potuit,
1324 1735 1456 1775 usque
1502 1721 1603 1763 adeo

75 1795 213 1833 tamen
251 1792 292 1833 in
332 1795 529 1847 promptu
571 1796 648 1844 est,
688 1793 788 1847 quid
828 1794 877 1835 ab
918 1793 990 1835 illo
1031 1793 1354 1847 expectauerint,
1392 1796 1452 1843 ut,
1493 1793 1603 1846 quod

76 1876 183 1904 nunc
215 1866 311 1916 post
343 1864 592 1906 iurationem
621 1865 772 1907 absens
807 1866 884 1915 est,
911 1865 1116 1906 neminem
1151 1867 1320 1906 moueat
1346 1877 1503 1914 eorum,
1532 1864 1604 1917 qui

76 1934 218 1975 audire
251 1937 478 1988 potuerunt
510 1938 622 1977 certa
656 1949 750 1977 eum
779 1949 905 1978 causa
937 1936 1225 1990 profecturum
1265 1949 1357 1977 esse
1396 1948 1491 1976 cum
1530 1948 1603 1976 uo-

75 2005 235 2047 luntate
268 2007 482 2047 redeundi.
517 2000 562 2048 ac
589 2020 662 2060 per
688 2008 766 2049 hoc
792 2008 984 2061 periurus
1011 2020 1086 2049 nec
1114 2007 1192 2049 erit
1217 2020 1290 2048 nec
1320 2007 1369 2048 ab
1398 2007 1457 2048 eis
1485 2009 1604 2060 puta-
1630 2020 1664 2046 25

75 2076 201 2127 bitur,
229 2077 310 2118 nisi
337 2091 479 2119 eorum
507 2079 836 2131 expectationem
865 2079 1095 2133 deceperit;
1130 2092 1210 2120 non
1239 2081 1377 2120 autem
1408 2078 1603 2132 decipiet,

76 2148 157 2188 nisi
205 2151 276 2189 aut
321 2149 582 2190 uoluntatem
621 2150 850 2191 mutauerit
902 2150 1013 2204 apud
1059 2163 1128 2192 eos
1167 2149 1383 2191 habitandi
1422 2152 1495 2190 aut
1533 2149 1603 2190 ali—

76 2219 239 2272 quando
280 2219 522 2262 discesserit
561 2221 649 2262 sine
690 2221 965 2275 dispositione
1003 2222 1216 2274 redeundi,
1256 2222 1367 2276 quod
1405 2221 1515 2262 absit
1553 2221 1601 2262 ab

195 2394 214 2426 ἵ)
242 2392 299 2426 Ps.
329 2393 382 2435 14,
411 2394 432 2426 4
507 2393 526 2427 S
553 2394 684 2428 Matth.
713 2397 743 2435 Γ),
771 2395 816 2429 34

123 2475 142 2508 3
171 2474 367 2519 cogitasset
393 2474 470 2520 sed]
500 2476 697 2520 cogitasset
724 2478 917 2521 cogitando
944 2479 1098 2513 iurasset
1124 2479 1187 2513 sed
1217 2479 1250 2512 T
1376 2479 1418 2512 ab
1447 2490 1537 2513 eras.
1573 2479 1603 2512 V

123 2533 175 2567 1111
202 2537 331 2577 (postr.
362 2535 381 2568 l.
412 2535 449 2567 ιή
476 2545 547 2569 ras.
577 2547 618 2569 m.
648 2538 685 2571 ,21
720 2536 753 2569 V
810 2538 832 2570 4
858 2537 1023 2582 legerent
1055 2537 1089 2571 U
1149 2539 1167 2572 7
1197 2538 1482 2581 annuntiatione,
1510 2548 1599 2572 corr.

76 2593 323 2644 ammiratione
358 2593 388 2626 V
445 2595 486 2627 13
514 2594 581 2628 iste
616 2595 687 2629 VU
744 2597 784 2629 15
812 2597 941 2641 peruri,
969 2609 1012 2631 m.
1041 2601 1059 2630 1
1088 2608 1178 2633 corr.
1205 2597 1337 2642 periuri
1363 2597 1406 2631 H
1461 2598 1501 2631 17
1529 2608 1599 2631 non

75 2653 227 2686 seruatis
254 2652 372 2685 uerbis
404 2652 436 2685 T
537 2654 633 2686 istud
667 2654 741 2688 VU
835 2656 877 2689 19
905 2656 1119 2700 ipponenses
1153 2656 1223 2691 VU
1246 2657 1495 2701 Hipponenses
1522 2657 1600 2691 edd.

121 2711 318 2756 pinianum,
347 2712 383 2744 in
412 2723 520 2755 mam.
550 2723 592 2745 m.
622 2715 646 2745 ‘2
673 2713 726 2747 ah·
751 2714 942 2758 piniarium
977 2715 1011 2749 U
1075 2715 1119 2749 24
1147 2727 1225 2750 eum
1255 2727 1358 2749 causa
1386 2726 1463 2749 611111
1492 2717 1600 2759 (post.

76 2782 153 2805 611111
181 2772 274 2814 emp.)
306 2770 339 2804 U
