1952 3118
129 1016 162 1041 10

129 1370 159 1395 15

126 1703 160 1749 22>

124 2079 160 2106 25

678 236 1028 281 epistularum
1068 234 1236 270 CLXXX.
1627 238 1711 279 699

190 366 424 415 contristet,
459 366 569 408 sicut
595 365 719 407 deum
747 379 995 418 eoynoscerc.
1029 378 1121 407 cum
1151 368 1474 420 cognoscentem
1502 365 1711 407 hominem

188 437 308 490 facit3
354 436 432 478 hoc
486 437 593 478 enim
645 436 805 478 dictum
858 436 909 477 ad
959 437 1168 478 Abraham
1219 437 1310 490 ipse
1361 436 1711 478 commemorasti.

189 520 452 561 nequaquam
498 510 597 550 sunt
648 507 730 549 ista
773 507 1003 557 mendacia,
1054 507 1166 560 quod
1210 508 1334 549 etiam
1378 508 1470 561 ipse
1513 507 1712 549 facillime

189 578 387 620 aduertis.
427 578 598 631 proinde
631 579 780 620 beatus
819 578 1006 619 Hilarius
1040 591 1135 620 cnm
1170 578 1391 620 obscuram
1424 579 1711 632 quaestionem

190 649 267 691 hoc
318 662 467 705 genere
522 649 708 703 tropicae
758 649 987 691 locutionis
1038 649 1215 703 aperuit,
1273 652 1320 691 ut
1367 649 1712 704 intellegeremus

186 720 226 761 in
261 732 308 761 eo
343 733 386 762 se
424 720 563 762 minus
603 720 758 762 dixisse
797 720 1066 770 nescientem,
1105 720 1144 761 in
1186 732 1268 774 quo
1302 720 1407 762 alios
1440 720 1542 762 facit
1574 721 1711 761 occul-

186 791 313 833 tando
353 792 602 841 nescientes,
642 804 722 833 non
762 792 981 834 excusauit
1019 791 1300 844 mendacium,
1341 791 1414 833 sed
1447 791 1711 832 mendacium

186 875 266 903 non
313 875 404 904 esse
449 862 703 904 monstrauit
745 874 825 904 non
869 862 1006 904 solum
1049 862 1090 903 in
1137 862 1202 903 his
1247 861 1541 903 usitatioribus
1580 862 1711 914 tropis

187 946 333 974 uerum
362 934 402 974 in
434 934 509 975 illa
535 934 661 975 etiam
696 946 800 987 quae
835 933 1070 987 appellatur
1095 933 1352 986 metaphora,
1381 945 1486 986 quae
1513 932 1711 986 loquendi

187 1005 490 1046 consuetudine
537 1004 731 1046 omnibus
777 1007 876 1046 nota
921 1005 997 1046 est.
1050 1017 1144 1045 nam
1189 1016 1400 1058 gemmare
1445 1003 1567 1051 uites,
1613 1003 1712 1044 fluc-

186 1079 302 1117 tuare
336 1078 515 1129 segetes,
550 1076 694 1117 florere
726 1076 901 1117 iuuenes
936 1075 1160 1117 contendet
1188 1074 1398 1128 quispiam
1426 1087 1519 1115 esse
1546 1074 1712 1115 menda-

187 1147 312 1196 cium,
359 1146 470 1199 quod
514 1146 554 1187 in
599 1146 664 1186 his
697 1146 819 1187 rebus
854 1157 929 1187 nec
961 1145 1096 1187 undas
1134 1158 1210 1187 nec
1248 1145 1409 1199 lapides
1449 1157 1523 1186 nec
1562 1145 1710 1186 herbas

185 1217 254 1259 uel
286 1217 453 1258 arbores
486 1215 617 1266 uidet,
652 1216 724 1257 ubi
756 1216 921 1269 proprie
953 1216 1036 1258 ista
1066 1216 1196 1258 uerba
1229 1216 1454 1257 dicuntur?

246 1288 373 1329 Porro
416 1290 556 1329 autem
607 1300 680 1341 pro
732 1290 806 1328 tuo
852 1287 1018 1341 ingenio
1064 1290 1189 1340 atque
1229 1287 1462 1330 eruditione
1513 1287 1712 1329 facillime

186 1358 404 1412 perspicis,
445 1360 647 1412 quantum
683 1359 732 1400 ab
766 1359 831 1399 his
865 1358 1040 1404 differat,
1081 1358 1193 1411 quod
1227 1358 1286 1399 ait
1317 1359 1554 1412 apostolus:
1592 1358 1710 1400 Cum

187 1429 422 1479 uiderem,
462 1430 578 1483 quia
623 1442 712 1471 non
758 1431 894 1471 recte
939 1429 1296 1484 ingrediuntur
1339 1429 1396 1470 ad
1442 1430 1710 1471 ueritatem

187 1500 453 1554 euangelii,
495 1500 593 1541 dixi
634 1500 781 1541 Petro
823 1512 988 1541 coram
1023 1499 1273 1542 omnibus:
1309 1499 1359 1541 Si
1391 1502 1458 1549 tu,
1499 1512 1606 1541 cum
1641 1501 1710 1542 sis

186 1571 421 1624 Iudaeus,
450 1571 716 1625 gentiliter
741 1574 789 1612 et
814 1584 905 1612 non
942 1571 1143 1612 Iudaice
1177 1571 1326 1621 uiuis,
1362 1584 1502 1624 quem
1537 1571 1592 1612 ad
1619 1585 1710 1613 mo·

186 1642 296 1684 dum
324 1645 498 1697 gentes
526 1642 666 1696 cogis
694 1642 982 1684 iudaizare?
1010 1643 1125 1683 nulla
1152 1646 1217 1683 est
1242 1642 1310 1684 hic
1337 1643 1499 1696 tropica.
1525 1642 1708 1684 obscuri-

185 1716 263 1755 tas.
292 1714 419 1755 uerba
445 1716 543 1755 sunt
568 1714 733 1767 propria
761 1716 926 1766 apertae
953 1713 1192 1755 locutionis.
1215 1714 1295 1756 hoc
1321 1715 1507 1766 profecto
1536 1713 1711 1754 doctor

185 1786 410 1839 gentium
444 1785 523 1832 his,
559 1797 664 1837 quos
699 1784 967 1838 parturiebat,
1001 1784 1131 1826 donec
1159 1784 1355 1827 Christus
1387 1785 1638 1826 formaretur
1670 1784 1708 1825 in

186 1856 259 1904 eis,
305 1858 346 1897 et
390 1856 543 1910 quibus
594 1856 672 1897 sub
725 1855 868 1896 diuina
918 1855 1197 1897 adtestatione
1248 1855 1524 1910 praedixerat:
1577 1854 1709 1906 Quae

186 1929 349 1968 autem
379 1926 545 1968 scribo
572 1926 734 1976 uobis,
763 1939 876 1968 ecce
905 1939 1065 1968 coram
1094 1927 1195 1976 deo,
1224 1927 1335 1980 quia
1364 1940 1454 1968 non
1483 1927 1710 1971 mentior.

185 2001 257 2039 aut
302 2010 447 2039 uerum
493 1997 596 2038 dixit
641 2000 714 2038 aut
756 1998 928 2050 falsu1n;
976 1999 1010 2039 si
1056 1998 1225 2046 falsum,
1272 1998 1383 2051 quod
1428 1999 1551 2049 absit,
1604 2011 1708 2051 quae

187 2071 426 2122 sequantur,
478 2069 663 2110 aduertis
709 2070 736 2121 ἦ·
788 2072 829 2110 et
879 2069 1000 2110 ambo
1045 2069 1126 2111 ista
1177 2069 1470 2111 exhorrescens
1516 2070 1712 2111 admonet

185 2140 378 2181 ueritatis
417 2139 621 2181 indicium
662 2141 704 2180 et
741 2140 779 2181 in
821 2141 1012 2193 apostolo
1053 2140 1175 2181 Petro
1217 2141 1420 2182 mirabilis
1454 2140 1709 2182 humilitatis

185 2211 433 2264 exemplum.

307 2339 319 2371 1
351 2337 438 2372 Gen.
465 2338 520 2374 22.
551 2339 592 2371 12
677 2339 698 2372 4
726 2337 838 2371 Hilar.
866 2337 909 2371 de
935 2338 1049 2371 trinit.
1076 2338 1123 2371 IX
1152 2339 1196 2372 62
1223 2350 1300 2383 sqq.
1327 2338 1463 2383 (Migne
1490 2339 1617 2383 patrol.
1644 2339 1708 2375 lat.

186 2397 214 2431 X
242 2409 275 2442 p.
302 2398 371 2431 330
399 2402 491 2442 sqq.)
616 2397 659 2430 15
687 2397 765 2431 Gal.
792 2396 825 2438 2,
857 2397 898 2430 14
1020 2397 1065 2431 20
1090 2396 1106 2430 I
1133 2397 1222 2431 Tim.
1249 2398 1281 2441 ⁶2,
1310 2398 1328 2432 7
1427 2397 1468 2432 21
1500 2396 1577 2432 Gal.
1604 2398 1638 2439 4,
1667 2398 1709 2431 19

185 2458 229 2491 ‘22
257 2456 333 2491 Gal.
364 2457 394 2499 1,
420 2457 465 2491 20

236 2541 249 2573 1
280 2540 384 2574 deum
413 2551 488 2574 cum
526 2539 595 2573 Vl]
618 2539 720 2573 deum
749 2540 837 2572 scire
866 2550 942 2572 cum
970 2538 1070 2581 edd.,·
1099 2539 1230 2583 scripsi
1256 2538 1360 2573 ‹lc-um
1389 2550 1602 2584 cognoscere
1630 2550 1705 2573 cum

184 2610 250 2634 sec.
276 2610 370 2634 sacr.
398 2600 465 2633 liet.
564 2600 585 2631 3
613 2598 721 2643 quod]
751 2603 789 2630 ut
817 2598 889 2631 lsr
1010 2598 1117 2632 etiam
1145 2608 1210 2632 om.
1239 2598 1318 2632 edd.
1425 2599 1444 2630 ἴ)
1471 2598 1537 2631 hoc
1564 2598 1707 2642 genere]

186 2660 334 2693 obscuro
362 2659 429 2693 lioc
456 2658 529 2692 lsi·
555 2658 702 2691 obscuro
729 2657 795 2690 lioc
823 2668 952 2701 genere
978 2668 1010 2690 m
1073 2659 1093 2691 6
1120 2657 1248 2701 miuus]
1277 2657 1441 2691 nimirum
1470 2668 1502 2690 m
1570 2658 1590 2690 >3
1617 2657 1707 2701 esse]

187 2730 263 2753 essu¹
289 2717 511 2751 mendacium
539 2715 775 2758 (mendacium
802 2719 895 2759 exp.)
929 2715 962 2749 Γ
1074 2716 1220 2760 tropicis
1254 2716 1285 2749 V
1310 2717 1354 2750 ἰν
1477 2717 1518 2750 13
1545 2716 1617 2759 uel}
1646 2726 1709 2749 nec

186 2777 263 2811 edd.
390 2777 431 2811 16
459 2775 707 2818 ingrederetur
741 2775 770 2807 V
796 2775 870 2809 lsr
990 2776 1034 2808 ‘25
1060 2775 1101 2808 in
1126 2786 1239 2818 marg).
1266 2774 1489 2818 adscriptum
1523 2779 1572 2808 est
1604 2773 1708 2808 credo

187 2835 330 2870 deficiat
356 2835 414 2869 hic
441 2836 474 2868 in
503 2838 602 2868 textu
635 2833 668 2868 U
765 2833 993 2867 exhorrescas
1020 2833 1099 2867 edd.
1198 2837 1340 2867 amouct
1367 2834 1440 2867 lsr
