1952 3118
681 206 1033 250 epistularum
1074 205 1245 241 CXLVII.
1645 209 1731 251 277

204 336 363 377 uidisse
409 338 449 377 te
494 335 644 377 recolis
689 348 762 390 per
807 336 951 377 oculos
998 336 1196 389 corporis,
1241 339 1361 390 potes
1413 337 1538 378 etiam
1589 338 1731 380 statim

204 406 359 455 uidere,
400 406 434 448 si
475 410 539 448 est
582 406 626 448 id
670 407 872 459 temporis
918 409 961 448 et
999 419 1046 448 eo
1092 406 1174 449 loci
1221 420 1279 458 es,
1317 408 1389 449 ubi
1434 421 1480 450 ex
1525 421 1573 450 ea
1616 412 1733 462 parte

204 477 365 518 caelum
400 477 532 519 oculis
564 476 650 518 tuis
682 490 816 530 usque
850 477 900 518 ad
934 477 1064 519 solem
1099 478 1380 519 contuendum
1418 482 1544 532 patet.
1577 479 1627 520 ad
1659 479 1734 520 illa

202 561 299 590 uero
338 548 530 598 uidenda,
569 560 675 601 quae
713 550 851 590 mente
890 548 1075 601 conspici
1115 548 1211 599 dixi,
1250 548 1291 590 id
1331 552 1396 590 est
1440 550 1551 602 quod
1596 550 1733 600 uiuaS‚

160 636 172 656 ε,
203 619 314 672 quod
346 619 488 660 uidere
522 619 644 660 deum
679 619 800 668 uelis,
834 619 945 672 quod
978 619 1019 660 id
1051 619 1254 673 requiras,
1287 620 1399 673 quod
1431 623 1472 661 te
1514 621 1658 662 uiuere
1692 624 1735 662 et

145 992 174 1014 Η)

143 1702 177 1727 20

202 690 312 731 uelle
363 693 405 731 et
455 703 652 743 quaerere
703 690 826 733 scias.
876 702 957 743 quo
1002 690 1127 732 modo
1179 693 1319 732 autem
1371 691 1473 733 deus
1524 691 1732 740 uideatur,

202 762 379 810 nescias,
413 761 463 803 ad
496 762 612 812 haec,
644 761 829 815 inquam.
865 761 1004 803 omnia
1036 761 1217 803 uidenda
1249 774 1329 803 non
1363 762 1509 804 oculos
1548 762 1733 815 eorporis

202 832 374 874 adhibes
408 845 482 873 nec
515 832 787 874 interuallum
820 832 916 881 loci,
950 845 1023 885 per
1056 832 1167 886 quod
1199 832 1439 874 intendatur
1471 833 1659 877 obtutus.
1687 835 1736 873 ut

201 902 253 944 ad
285 915 332 944 ea
365 902 569 944 cernenda
599 902 831 956 perueniat,
865 902 994 944 sentis
1028 905 1101 944 aut
1132 902 1317 956 quaeris;
1353 903 1413 944 sic
1446 902 1567 944 uides
1599 903 1732 944 uitam

201 977 332 1024 tuam,
365 974 645 1024 uoluntatem,
678 973 1008 1027 inquisitionem,
1042 973 1276 1023 scientiam,
1309 973 1602 1028 ignorantiam,
1637 974 1736 1027 quia

202 1058 275 1086 nec
323 1046 414 1099 ipsa
458 1050 523 1087 est
567 1045 871 1088 contemnenda
914 1045 1024 1086 uisio
1071 1045 1227 1094 uidere,
1273 1045 1385 1098 quod
1434 1045 1608 1087 nescias,
1658 1045 1734 1094 sic,

201 1116 385 1170 inquam.
424 1116 543 1158 uides
581 1117 682 1158 haec
723 1116 875 1165 omnia,
916 1118 963 1157 ut
1001 1116 1041 1157 in
1081 1118 1122 1157 te
1162 1116 1321 1165 uideaS,
1356 1116 1467 1170 apud
1498 1119 1539 1158 te
1578 1116 1734 1158 habeas

202 1200 249 1229 ac
275 1187 363 1229 sine
389 1188 489 1229 ullis
522 1187 748 1243 figurarum
779 1187 1036 1229 liniamentis
1071 1187 1343 1240 colorumque
1376 1187 1584 1229 nitoribus
1617 1189 1733 1229 tanto

202 1258 355 1300 clarius
376 1261 417 1300 et
437 1259 595 1300 certius
623 1262 778 1312 quanto
806 1258 1044 1312 simplicius
1070 1258 1333 1311 interiusque
1362 1258 1609 1312 conspicias.
1637 1270 1733 1299 cum

159 1346 174 1367 5
202 1330 331 1384 igitur
367 1343 442 1371 nec
480 1329 666 1384 corporis
711 1329 845 1371 oculis
891 1329 1001 1371 sicut
1046 1341 1219 1382 corpora
1264 1329 1354 1371 siue
1399 1329 1598 1371 caelestia
1642 1329 1734 1370 siue

201 1402 414 1442 terrestria
445 1413 519 1443 nec
553 1401 705 1443 mentis
738 1403 926 1455 aspectu,
960 1400 1071 1442 sicut
1104 1413 1151 1442 ea
1183 1403 1296 1448 sunt.r
1325 1413 1502 1453 quorum
1534 1399 1733 1442 nonnulla

203 1473 543 1519 commemoraui,
590 1485 694 1526 quae
739 1472 850 1526 apud
897 1474 1029 1514 temet
1072 1473 1205 1526 ipsam
1258 1472 1491 1514 certissime
1541 1472 1733 1521 intueris,

203 1557 310 1585 nunc
355 1544 576 1585 uideamus
622 1544 760 1592 deum,
807 1556 880 1586 cur
925 1543 1133 1585 credimus
1179 1557 1274 1585 eum
1319 1543 1466 1594 uideri,
1511 1543 1591 1586 nisi
1636 1543 1736 1597 quia

204 1615 436 1668 scripturae
474 1614 842 1657 accommodamus
882 1614 1022 1663 fidem,
1056 1615 1128 1656 ubi
1160 1614 1335 1669 legitur:
1380 1615 1523 1656 Beati
1556 1614 1732 1656 mundo

204 1685 363 1735 corde,
404 1686 636 1739 quoniam
675 1685 773 1739 ipsi
814 1686 955 1727 deum
994 1685 1253 1736 uidebunt,
1294 1688 1336 1727 et
1374 1685 1410 1726 si
1449 1698 1530 1739 qua
1574 1685 1655 1727 alia
1692 1685 1732 1726 in

202 1757 308 1798 hanc
341 1756 592 1798 sententiam
626 1756 772 1798 eadem
805 1756 947 1798 diuina
979 1757 1230 1798 auctoritate
1263 1757 1500 1810 conscripta
1527 1759 1639 1805 sunt,
1666 1756 1733 1798 cui

203 1841 282 1870 non
310 1828 475 1869 credere
502 1827 617 1869 nefas
645 1827 854 1878 ducimus,
883 1827 1049 1869 credere
1077 1830 1216 1869 autem
1246 1827 1416 1881 pietatis
1443 1840 1535 1870 esse
1562 1827 1734 1869 minime

205 1899 478 1940 dubitamus?

325 2073 367 2107 19
394 2072 523 2106 Matth.
552 2073 584 2116 ἴ),
611 2074 632 2107 δ

255 2156 267 2189 l
297 2160 333 2189 te
360 2154 493 2189 uidisse
519 2154 600 2189 edd.
674 2157 710 2189 te
738 2165 805 2190 om.
832 2154 879 2189 M
950 2165 1013 2199 per
1039 2154 1180 2190 02-culis,
1207 2165 1252 2189 m.
1274 2157 1292 2188 1
1321 2163 1412 2188 corr.
1439 2164 1501 2198 per
1527 2153 1669 2190 orculos
1691 2154 1737 2188 M

204 2225 266 2259 per
291 2214 416 2251 oculis,
444 2225 487 2248 m.
509 2217 528 2248 1
554 2225 644 2250 corr.
671 2225 735 2259 per
761 2214 881 2248 oculos
900 2213 936 2247 P
1006 2216 1126 2259 potes·
1148 2213 1189 2247 H
1215 2212 1308 2255 (fuit
1325 2216 1353 2254 t)
1373 2212 1410 2247 P
1431 2215 1553 2258 potest
1576 2212 1732 2247 TT¹FA

204 2274 224 2307 2
250 2273 328 2307 loco
361 2272 479 2307 TT¹L
569 2274 589 2308 3
616 2272 660 2307 ad
687 2272 762 2318 illa]
791 2276 827 2307 at
854 2272 918 2307 illa
944 2274 978 2307 A
1069 2274 1092 2306 4
1119 2283 1210 2317 quae
1236 2283 1280 2306 eac
1306 2282 1398 2309 corr.
1425 2283 1467 2306 m.
1495 2274 1515 2306 1
1539 2271 1583 2306 H
1605 2283 1695 2316 quae
1713 2273 1733 2303 Ν

207 2343 293 2366 aras.
320 2334 414 2366 1—2
440 2333 477 2374 l.)
511 2332 543 2366 T
625 2331 662 2367 id
689 2333 758 2377 est]
787 2332 822 2366 id
854 2331 886 2366 T
910 2331 968 2366 ide
994 2331 1028 2365 L
1108 2331 1201 2366 uiuis
1227 2333 1261 2365 A
1337 2333 1357 2366 5
1385 2331 1476 2366 uelis
1503 2331 1613 2376 quod'
1637 2330 1732 2375 quod

205 2390 240 2424 id
271 2390 315 2425 T¹
415 2390 536 2425 uidere
570 2390 614 2425 Τ1
714 2394 750 2425 et
777 2391 869 2425 uelle
898 2394 934 2425 et
961 2401 1131 2435 quaerere
1158 2400 1225 2424 om.
1259 2389 1377 2424 TT¹L
1459 2391 1477 2424 7
1505 2390 1540 2424 in
1568 2401 1636 2435 qna
1668 2389 1739 2424 TF

204 2450 224 2484 8
251 2450 426 2485 adhibens
452 2450 612 2486 HMFA
662 2451 683 2485 9
709 2451 760 2486 sic
787 2449 902 2495 uides}
932 2450 960 2484 si
989 2450 1045 2484 eui
1072 2450 1134 2484 des
1161 2451 1194 2483 A
1248 2450 1291 2485 10
1318 2449 1570 2495 ignorantiam]
1599 2449 1731 2494 agniti-

204 2521 306 2544 onem
339 2509 474 2553 TT¹L‚·
499 2511 544 2554 cf.
565 2521 605 2554 p.
633 2511 723 2549 276,
751 2512 797 2544 18
860 2509 902 2543 13
923 2520 983 2544 nac
1006 2509 1051 2543 H
1132 2509 1314 2543 liamentis
1341 2509 1374 2542 A
1440 2510 1481 2543 15
1508 2519 1572 2542 nec
1598 2519 1665 2542 om.
1693 2508 1734 2542 H

252 2569 429 2614 corporeis
455 2569 502 2603 M
632 2580 781 2614 corpora
806 2569 882 2603 siue
911 2576 969 2607 (m.
998 2571 1017 2602 1
1042 2579 1134 2603 corr.
1161 2569 1252 2611 siue)
1279 2569 1311 2602 A
1438 2569 1478 2602 16
1506 2571 1671 2612 aspectus
1703 2566 1735 2601 Ο

208 2627 247 2661 17
277 2629 569 2663 commemorauit
594 2628 628 2662 A
765 2628 806 2662 18
833 2629 942 2673 nunc]
970 2639 1034 2662 nec
1061 2627 1141 2681 HF
1162 2639 1231 2661 non
1256 2629 1406 2672 punctis
1430 2627 1535 2671 infra
1561 2627 1676 2660 erasis
1701 2626 1738 2660 P

254 2687 374 2721 uidere
396 2687 432 2721 P
552 2688 594 2722 19
620 2687 744 2722 mundi
769 2688 810 2722 F
926 2687 972 2721 20
999 2687 1084 2731 quia
1109 2686 1260 2721 HFAP
1396 2686 1431 2719 in
1458 2686 1524 2720 hac
1550 2685 1733 2719 sententia

206 2757 284 2780 inea
310 2745 432 2780 eadem
468 2746 619 2781 TT¹OL
651 2748 686 2781 in
713 2747 780 2782 hac
807 2747 988 2781 sententia
1013 2757 1092 2781 mea
1119 2746 1162 2781 de
1190 2745 1386 2780 HMFAP
1411 2755 1465 2779 ae
1497 2745 1531 2778 iu
1558 2744 1624 2778 hac
1651 2755 1730 2778 sen·

206 2806 320 2840 tentia
346 2805 470 2839 eadem
489 2806 518 2849 s
