1952 3118
91 932 124 956 10

647 150 996 194 epistularum
1036 149 1209 185 CLXVII.
1598 154 1682 194 609

154 282 283 321 tuam.
325 293 494 333 quaeso,
533 282 581 321 ut
617 279 882 321 rescribendo
923 280 1146 322 admoneas
1187 283 1229 321 et
1261 293 1327 321 me
1367 280 1571 334 corrigere
1605 294 1684 323 non

154 351 356 405 graueris.
406 351 549 392 infelix
594 354 660 391 est
703 351 827 400 enim,
874 351 945 404 qui
990 364 1067 393 non
1114 355 1254 392 tantos
1300 354 1342 392 et
1386 354 1470 392 tam
1517 355 1685 394 sanctos

153 424 321 463 tuorum
355 422 589 463 studiorum
621 422 785 463 labores
820 425 861 463 et
894 422 1016 476 digne
1050 422 1227 464 honorat
1260 424 1302 464 et
1335 422 1384 463 de
1418 423 1482 464 his
1516 423 1684 464 domino

154 492 229 533 deo
275 496 432 542 nostro,
479 493 599 534 cuius
645 505 814 534 munere
855 493 952 534 talis
992 506 1049 535 es,
1096 493 1253 547 gratias
1293 493 1392 547 agit.
1439 494 1549 535 unde
1589 507 1684 535 oum

152 562 354 604 libentius
394 563 568 604 debeam
614 576 635 604 a
680 563 871 616 quolibet
909 563 1082 612 discere,
1129 563 1239 617 quod
1279 563 1486 605 inutiliter
1524 565 1684 619 ignoro,

153 646 275 685 quam
315 634 553 687 promptius
592 633 806 687 quoslibet
844 633 1005 682 dooere,
1046 634 1156 687 quod
1198 634 1298 684 scio,
1339 638 1493 686 quanto
1527 635 1684 677 iustius

153 704 229 745 hoc
258 704 398 745 abste
433 705 618 746 caritatis
655 705 842 746 debitum
876 704 1035 758 flagito.
1069 705 1191 746 ouius
1226 705 1415 746 doctrina
1446 705 1486 746 in
1519 707 1684 747 nomine

152 778 192 815 et
206 775 414 817 adiutorio
431 775 587 817 domini
609 777 774 817 tantum
796 776 836 816 in
854 776 999 817 Latina
1018 775 1163 830 lingua
1185 776 1498 818 ecclesiasticae
1519 777 1684 819 litterae

151 846 319 887 adiutae
364 849 474 896 sunt,
522 850 724 899 quantum
769 859 996 899 numquam
1043 848 1165 887 antea
1210 848 1459 900 potueruut!
1506 848 1683 888 maxime

151 920 289 957 tamen
312 917 438 958 istam
462 917 730 958 sententiam:
761 915 1094 969 Quicumque
1116 919 1283 958 totam
1312 917 1480 971 legem
1509 930 1682 959 serua-

151 987 308 1030 uerit.
356 988 602 1029 offendat
646 990 821 1030 autem
862 988 910 1028 in
950 1000 1064 1035 uno,
1111 988 1293 1029 faetus
1333 991 1415 1029 est
1453 989 1682 1030 omnium

149 1072 272 1100 reus
317 1060 351 1101 si
399 1073 479 1112 quo
525 1060 606 1101 alio
645 1059 769 1101 modo
809 1059 961 1101 melius
1002 1059 1148 1112 exponi
1189 1072 1315 1113 posse
1355 1060 1473 1101 nouit
1511 1060 1681 1101 dileetio

148 1132 234 1180 tua,
261 1143 334 1183 per
353 1130 568 1172 dominum
591 1130 777 1180 obsecro,
805 1130 868 1172 uti
895 1131 1117 1172 nobiscum
1145 1131 1454 1172 communicare
1484 1131 1682 1186 digneris.

198 1256 213 1289 1
243 1256 430 1291 scribendo
458 1257 501 1291 K
642 1258 663 1291 2
698 1260 734 1291 et
765 1258 854 1302 tam]
892 1258 1000 1292 etiam
1027 1256 1118 1292 P¹K
1147 1260 1206 1302 (m.
1235 1260 1260 1292 2
1284 1269 1400 1302 supra
1425 1258 1442 1292 l
1468 1262 1503 1292 et
1530 1260 1581 1301 ta)
1615 1258 1682 1293 VR

195 1317 398 1349 sanctorum
426 1316 452 1349 Ι
567 1316 588 1351 3
613 1316 778 1350 laboraes
804 1315 853 1350 P¹
878 1316 1060 1350 laborares
1087 1325 1140 1358 (ra
1165 1326 1209 1350 m.
1238 1319 1263 1350 :2
1288 1320 1381 1361 exp.)
1408 1317 1450 1350 K
1545 1317 1681 1361 dignis—

149 1373 236 1407 sime
263 1373 307 1407 H
400 1373 554 1408 honoret
585 1374 615 1409 C
751 1376 772 1408 4
800 1378 922 1409 nostra
947 1376 988 1409 H
1086 1379 1142 1409 est
1167 1374 1252 1409 P1C
1348 1379 1435 1420 agat
1463 1375 1494 1410 C
1588 1377 1682 1420 eum}

148 1443 188 1466 cu
215 1432 262 1465 Ρ1
327 1433 347 1466 5
374 1432 743 1477 discere—quoslibet
769 1445 835 1468 om.
863 1433 911 1468 P¹
985 1434 1310 1479 inutiliter—quod
1337 1446 1404 1469 om.
1431 1435 1466 1468 Ρ
1526 1435 1546 1468 6
1575 1447 1680 1479 quos-

148 1491 237 1526 libet
263 1503 330 1526 om.
357 1491 392 1526 R
503 1492 620 1526 dicere
648 1493 674 1526 I
782 1497 915 1538 quanto
942 1493 1087 1538 iustius]
1118 1494 1325 1538 quantotius
1352 1494 1388 1529 R
1510 1495 1528 1528 7
1556 1494 1619 1528 abs
1646 1502 1681 1528 te

147 1553 212 1585 hoc
238 1551 506 1586 HP¹KVIRC
530 1552 610 1586 edd.
713 1551 834 1586 debito
866 1552 896 1586 C
992 1553 1097 1586 liuius
1125 1553 1165 1586 H
1267 1554 1287 1587 8
1316 1559 1351 1587 et
1377 1554 1412 1587 in
1440 1552 1620 1587 adiutorio
1646 1553 1682 1587 P

148 1610 313 1655 Euyippi
339 1611 440 1645 codd.
465 1616 615 1655 praeter
648 1611 731 1645 Vat.
758 1616 790 1646 et
816 1612 939 1645 Paris.
969 1614 1085 1653 2109;
1113 1613 1158 1656 cf.
1180 1624 1218 1656 p.
1246 1615 1326 1655 591,
1348 1614 1393 1645 15
1468 1613 1503 1646 in
1530 1613 1680 1647 latinam

146 1669 305 1714 linguam
338 1670 377 1703 II
488 1670 752 1704 ecclesiastieae
780 1682 847 1705 om.
874 1670 1041 1715 Euyippz'
1066 1671 1142 1706 cod.
1178 1671 1260 1705 Vae.
1364 1672 1404 1706 10
1430 1673 1566 1716 tamen]
1596 1683 1680 1716 ergo

146 1728 181 1761 P
210 1729 376 1773 Euyippi
404 1729 507 1763 codd.
534 1733 683 1773 praeter
721 1729 803 1764 Vat.
838 1734 869 1764 et
900 1730 1023 1764 Paris.
1057 1732 1162 1764 2109
1308 1731 1521 1775 quicumque
1561 1736 1679 1765 autern

145 1791 260 1822 totam
287 1788 322 1821 P
346 1789 510 1833 Euqz'ppi
535 1788 637 1824 codd.
663 1793 810 1833 praeter
851 1787 928 1824 Vae.
957 1793 989 1823 et
1014 1789 1139 1825 Paris.
1169 1791 1273 1824 2109
1382 1789 1632 1824 obseruaberit
1659 1790 1685 1823 I

151 1850 188 1882 ll
218 1847 390 1882 ausendat
416 1847 465 1882 P¹
578 1848 619 1882 12
647 1849 775 1893 exponi
802 1849 928 1882 melius
956 1848 1118 1883 P¹VRC
1141 1849 1219 1883 edd.
1249 1860 1383 1893 expone
1410 1851 1468 1892 (m.
1497 1851 1516 1882 1
1542 1847 1562 1882 .9
1587 1859 1678 1883 corr.

147 1907 289 1952 exponi)
316 1907 443 1941 melius
470 1907 513 1941 K
606 1912 670 1941 tua
698 1908 843 1942 dilectio
872 1908 952 1942 edd.
1054 1909 1096 1941 13
1122 1911 1172 1944 ut.
1199 1920 1245 1944 m.
1273 1912 1291 1941 1
1320 1919 1411 1942 corr.
1439 1909 1490 1942 uti
1519 1908 1553 1941 P
1578 1912 1617 1941 ut
1643 1907 1679 1942 id

147 1966 415 2001 HP¹KVIRC
439 1966 517 2001 edd.
628 1967 723 2012 Expl'
749 1968 824 2012 epis
844 1959 902 2002 soi
929 1959 975 2012 ag
1002 1967 1046 2001 ad
1072 1960 1150 2001 hier
1176 1967 1218 2001 de
1247 1979 1287 2001 eo
1316 1968 1409 2013 quod
1437 1969 1548 2012 script
1575 1973 1591 2001 e
1619 1967 1679 2012 qui

145 2031 225 2060 tota
250 2026 329 2071 lege
357 2019 526 2060 seruauer
615 2026 652 2060 K

184 2823 355 2849 xxxxiiii
371 2824 447 2855 Aug.
463 2828 534 2850 sect.
551 2823 578 2848 11
601 2831 668 2855 pars
682 2822 698 2848 3
1582 2815 1626 2847 39
