1844 3122
609 239 962 284 epistularum
1003 238 1160 274 CXXVI.
1598 243 1651 283 13

121 370 266 424 paucis
295 369 488 423 agellulis
515 368 701 422 paternis
727 368 981 422 contemptis
1014 368 1065 409 ad
1098 368 1161 409 dei
1190 368 1367 410 liberam
1399 370 1651 412 seruitutem

122 454 188 482 me
221 441 352 482 fuisse
386 453 650 491 conuersum,
683 453 817 493 neque
849 440 890 481 in
917 439 996 481 hoc
1022 439 1266 481 inuiderunt
1293 441 1495 482 ecclesiae
1522 442 1653 496 Taga-

124 512 269 554 stensi.
303 525 407 565 quae
440 511 616 553 carnalis
650 511 784 564 patria
815 523 907 552 mea
941 513 1020 561 est,
1055 511 1142 560 sed,
1171 523 1267 552 cum
1294 511 1367 552 illa
1399 512 1503 553 mihi
1537 513 1652 554 cleri-

124 585 263 624 catum
302 596 382 624 non
421 582 695 636 inposuisset,
734 581 898 634 quando
939 584 1179 635 potuerunt.
1215 582 1453 624 habendum
1491 583 1655 625 inuase-

83 667 99 693 5
123 656 232 696 runt.
273 656 427 707 quanto
467 653 715 708 flagrantius
757 653 797 694 in
845 655 987 694 nostro
1025 653 1200 694 Piniano
1246 665 1383 694 amare
1429 656 1657 707 potuerunt

70 1024 102 1048 10

73 1379 106 1404 15

76 1734 109 1759 20

21 2070 112 2113 825

124 726 282 766 tantam
321 724 467 766 mundi
504 725 629 765 istius
670 723 961 777 cupiditatem.
1000 725 1138 765 tantas
1179 737 1293 777 opes7
1333 726 1492 766 tantam
1539 738 1655 778 spem

124 798 239 838 tanta
265 795 540 837 conuersione
563 798 802 849 superatam
825 797 949 848 atque
977 796 1200 836 calcatam!
1230 808 1307 849 ego
1329 795 1483 849 quippe
1511 809 1656 838 secun-

127 869 226 910 dum
268 867 499 908 multorum
545 879 718 908 sensum
763 866 1096 919 comparantium
1144 869 1278 907 semet
1321 866 1436 920 ipsos
1487 867 1660 909 sibimet

124 939 229 993 ipsis
262 951 341 979 non
376 938 548 979 diuitias
583 937 795 978 dimisisse
823 937 896 978 sed
924 937 976 978 ad
1003 936 1175 978 diuitias
1203 937 1351 979 uideor
1375 937 1557 980 uenisse.
1589 939 1659 979 uix

127 1011 237 1052 enim
269 1009 480 1064 uigesima
511 1009 719 1062 particula
750 1021 815 1050 res
848 1021 941 1049 mea
973 1011 1144 1061 paterna
1177 1008 1406 1050 existimari
1445 1011 1585 1062 potest
1616 1009 1656 1050 in

127 1081 437 1135 comparatione
486 1079 750 1134 praediorum
801 1079 1018 1130 ecclesiae,
1065 1091 1170 1132 quae
1216 1092 1326 1121 nunc
1371 1081 1419 1120 ut
1464 1080 1662 1121 dominus

129 1152 344 1194 existimor
386 1150 615 1205 possidere.
654 1151 693 1191 in
735 1150 923 1204 qualibet
965 1153 1106 1191 autem
1151 1151 1330 1191 maxime
1369 1150 1658 1193 Africanarum

130 1223 402 1265 ecclesiarum
436 1222 502 1263 hic
535 1224 678 1263 noster
708 1234 787 1263 non
828 1221 921 1262 dico
961 1221 1177 1275 presbyter
1215 1221 1290 1263 sed
1328 1222 1552 1275 episcopus
1593 1223 1659 1272 sit,

131 1296 398 1347 comparatus
436 1293 627 1346 pristinis
668 1293 819 1346 opibus
865 1293 968 1341 suis,
1008 1292 1176 1334 etiamsi
1222 1292 1360 1333 animo
1407 1292 1663 1335 dominantis

131 1366 278 1420 egerit,
310 1365 604 1418 pauperrimus
637 1364 728 1406 erit.
762 1364 897 1405 multo
931 1376 1029 1418 ergo
1068 1364 1272 1417 liquidius
1313 1367 1355 1405 et
1394 1364 1583 1405 securius
1622 1364 1661 1405 in

131 1437 210 1478 hoc
244 1439 408 1478 amatur
441 1435 678 1478 Christiana
711 1438 951 1490 paupertas.
984 1435 1024 1475 in
1066 1447 1148 1488 quo
1187 1435 1303 1476 nulla
1341 1447 1478 1476 rerum
1518 1435 1666 1489 ampli-

133 1521 251 1550 orum
285 1510 426 1561 potest
458 1507 595 1561 putari
622 1506 845 1559 cupiditas.
874 1507 952 1548 hoc
985 1506 1178 1547 accendit
1209 1506 1370 1547 animos
1396 1506 1556 1559 populL
1584 1506 1664 1547 hoc

133 1579 172 1619 in
207 1579 321 1619 illam
354 1578 600 1620 uiolentiam
632 1577 1043 1630 perseuerantissimi
1075 1576 1269 1618 clamoris
1303 1577 1444 1618 erexit.
1478 1590 1557 1618 non
1591 1590 1666 1619 eos

132 1649 268 1702 turpis
301 1648 547 1702 cupiditatis
580 1648 753 1701 insuper
785 1660 1047 1696 accusemus,
1079 1647 1154 1689 sed
1186 1648 1322 1702 magis
1354 1647 1525 1696 bonum,
1553 1647 1664 1701 quod

133 1720 215 1774 ipsi
247 1733 327 1760 non
360 1719 528 1768 habent,
562 1720 713 1760 saltem
744 1719 783 1759 in
819 1719 914 1760 aliis
949 1718 1124 1773 diligere
1157 1719 1244 1760 sine
1285 1718 1456 1760 crimine
1494 1720 1666 1773 permit-

134 1794 287 1833 tamus.
318 1803 413 1831 nam
446 1790 527 1831 etsi
568 1790 737 1831 fuerunt
774 1790 837 1831 illi
875 1789 1140 1831 multitudini
1178 1789 1372 1843 permixti
1410 1790 1556 1843 inopes
1596 1790 1664 1831 uel

136 1862 330 1911 mendici,
364 1861 435 1914 qui
467 1861 596 1903 simul
628 1860 866 1902 clamabant
896 1862 940 1902 et
980 1860 1029 1901 de
1068 1862 1210 1902 uestra
1247 1860 1479 1902 uenerabili
1517 1861 1666 1902 redun-

137 1933 277 1974 dantia
306 1932 560 1986 indigentiae
594 1945 695 1974 suae
728 1931 1069 1986 supplementum
1110 1931 1346 1985 sperabant,
1378 1944 1452 1972 nec
1491 1931 1586 1982 ista,
1620 1934 1668 1973 ut

138 2003 327 2053 arbitror,
360 2002 569 2057 cupiditas
603 2003 739 2056 turpis
774 2006 850 2044 est.

198 2074 346 2116 Restat
366 2086 479 2127 ergo,
501 2076 547 2115 ut
568 2074 649 2115 iste
669 2073 871 2126 pecuniae
891 2072 1166 2126 turpissimus
1188 2073 1402 2127 appetitus
1424 2085 1471 2114 ex
1498 2073 1667 2127 obliquo

138 2145 178 2186 in
212 2145 385 2187 clericos
420 2148 462 2186 et
494 2144 670 2186 maxime
703 2144 744 2186 in
774 2144 1020 2198 episcopum
1054 2143 1270 2198 dirigatur.
1297 2156 1372 2185 nos
1407 2143 1516 2185 enim
1542 2145 1668 2187 rebus

187 2308 208 2342 3
235 2307 441 2341 clericatum
466 2307 554 2341 mihi
583 2307 663 2343 edd.
739 2309 759 2342 5
786 2307 930 2352 piniano
964 2307 998 2342 V
1019 2309 1123 2350 (corr.
1151 2308 1312 2353 piniano)
1347 2308 1382 2343 U
1475 2311 1671 2353 potuerunt

139 2377 203 2411 pos
229 2368 306 2411 (pos
333 2377 427 2410 exp.»
458 2368 595 2400 tantam
629 2366 659 2400 U
780 2368 800 2401 6
827 2366 932 2400 huius
965 2366 997 2400 T
1019 2367 1099 2401 edd.
1222 2369 1439 2406 tantantam,
1465 2378 1570 2402 eraso
1596 2370 1669 2402 tam

140 2436 230 2460 corr.
255 2428 393 2459 tantam
428 2425 460 2458 V
531 2426 549 2460 7
577 2428 746 2470 superata
770 2428 806 2469 (a
833 2426 871 2460 ιή
896 2437 992 2469 ras.;
1015 2426 1091 2469 fuit
1117 2426 1167 2470 ui)
1193 2437 1236 2461 ne
1264 2429 1322 2468 (ne
1349 2428 1443 2471 exp.)
1468 2427 1671 2461 conuersio-

141 2494 185 2518 ne
211 2485 450 2519 collocatione
473 2485 588 2529 siquis
612 2489 775 2520 correcta
806 2484 841 2518 Γ
928 2488 949 2520 8
976 2486 1217 2530 compantiurn
1250 2485 1282 2519 Τ
1374 2487 1416 2520 10
1443 2486 1613 2520 uicesima
1644 2485 1675 2519 T

191 2544 350 2577 estimari
377 2546 409 2586 (e
435 2555 480 2577 m.
507 2545 532 2577 2
559 2544 598 2578 in
623 2544 815 2587 ra3.;f1cit
842 2545 909 2586 exi)
945 2545 978 2578 V
1039 2546 1078 2579 ll
1109 2545 1336 2589 compatione
1361 2545 1398 2580 R
1450 2546 1493 2579 12
1520 2545 1671 2579 maxime

144 2605 261 2636 autem
288 2601 403 2646 se'qm's
427 2612 518 2638 corr.
545 2601 581 2636 R
706 2603 748 2637 14
775 2605 961 2647 compatus
993 2602 1066 2636 TV
1178 2603 1305 2647 opibus
1334 2603 1480 2647 ηῐιῃιιῑα
1505 2614 1613 2638 erasa
1645 2603 1676 2636 T

147 2661 188 2695 17
215 2659 381 2695 accendit
407 2660 461 2695 bis
487 2660 530 2695 H
615 2661 657 2696 19
685 2660 907 2706 cupiditasit.
934 2651 979 2695 τή.
1006 2664 1026 2695 1
1051 2672 1142 2696 corr.
1170 2661 1382 2707 cupiditatis
1408 2661 1444 2696 R
1524 2663 1565 2695 21
1596 2662 1670 2695 fue-

146 2719 219 2754 rint
248 2718 283 2752 U
304 2719 382 2753 edd.
470 2720 515 2755 23
541 2719 745 2765 indigentie
771 2722 801 2763 (t
828 2731 870 2755 ex
897 2723 928 2759 e)
962 2720 995 2753 V
1089 2731 1174 2755 suae
1200 2731 1267 2755 om.
1301 2720 1332 2755 T
1422 2721 1466 2755 24
1494 2720 1674 2766 cupiditas

146 2789 218 2812 ras.
253 2789 296 2813 ex
328 2777 521 2823 turpiditas
558 2778 591 2813 T
715 2778 760 2813 25
793 2779 863 2825 iste
895 2778 973 2814 RU
1002 2779 1108 2814 istius
1141 2779 1184 2813 H
1338 2779 1485 2824 obliquo
1522 2780 1563 2814 in
1601 2790 1672 2813 ras.

148 2848 191 2872 m.
217 2839 236 2870 1
261 2836 297 2871 R
