1952 3118
83 1827 135 1870 30

141 913 171 938 10

139 1268 170 1293 15

136 1622 169 1647 20

700 128 1053 174 epistularum
1093 127 1248 162 CXLIX.
1640 129 1724 170 :575

201 260 294 302 uult
339 258 555 301 Christum
606 257 796 312 intellegi
848 282 918 300 ——.
971 270 1022 298 ex
1072 269 1164 310 quo
1218 270 1356 299 omne
1410 270 1590 311 corpus
1640 270 1726 310 per

201 332 486 373 contactum
521 332 567 371 et
596 341 830 371 conexum
867 328 1316 370 subministratum
1351 331 1399 370 et
1433 330 1723 382 copulatum

200 401 389 444 crescit
420 401 465 442 in
499 401 863 442 incrementum
897 400 986 441 dei.
1019 400 1060 441 si
1095 413 1210 454 ergo
1238 400 1423 441 mortui
1459 400 1585 442 estis
1615 412 1723 441 cum

200 473 400 515 Christo
435 472 490 513 ab
526 471 789 513 elementis
823 471 974 512 huius
1007 471 1189 512 mundi.
1225 471 1341 524 quid
1382 471 1541 512 adhuc
1577 472 1722 513 uelut

199 545 434 586 uiuentes
467 543 522 584 de
556 544 648 585 hoc
680 543 860 584 mundo
894 542 1199 583 decernitis?

256 615 333 656 His
368 614 492 656 dictis
525 614 674 656 inserit
704 614 832 655 uerba
859 626 1017 663 eorum,
1045 613 1117 666 qui
1145 613 1373 654 decernunt
1394 613 1443 654 de
1467 613 1546 654 hoc
1568 613 1723 654 mundo

196 699 269 741 per
312 687 386 727 has
433 685 751 727 obseruationes
803 685 924 738 quasi
974 684 1247 726 rationabiles
1293 684 1487 725 affectata
1536 684 1724 726 uanitate

198 757 451 798 humilitatis
484 756 636 798 inflati:
682 756 751 797 Ne
789 756 1045 810 tetigeris,
1090 768 1146 796 ne
1194 755 1502 810 gustaueris,
1548 768 1603 796 ne
1651 755 1725 795 ad-

196 828 537 870 taminaueris.
582 828 832 878 recolamus,
866 827 979 881 quod
1013 826 1175 868 dictum
1216 831 1280 868 est
1319 826 1531 879 superius,
1567 828 1615 868 ut
1646 826 1723 867 ho(-

196 900 507 954 intellegamus.
530 911 609 940 non
631 899 728 940 uult
747 899 857 940 enim
885 911 956 940 eos
978 898 1018 939 in
1045 898 1112 940 his
1137 896 1505 940 obseruationibus
1533 897 1724 939 iudicari.

197 971 268 1012 ubi
303 971 473 1012 dicitur:
519 970 588 1012 Ne
621 970 873 1024 tetigeris,
907 983 964 1011 ne
998 969 1304 1024 gustaueris‚
1351 982 1407 1010 ne
1455 968 1725 1010 adtamina-

197 1042 342 1090 ueris,
390 1054 512 1095 quae
559 1045 688 1091 sunt,
733 1041 883 1094 inquit,
931 1041 1091 1083 omnia
1135 1041 1179 1081 in
1227 1040 1602 1094 corruptionem
1637 1053 1724 1094 per

197 1114 498 1155 abusionem.
526 1113 665 1154 omnia
692 1113 808 1162 haec,
830 1112 981 1166 inquit,
1003 1112 1139 1166 magis
1161 1111 1213 1153 ad
1234 1112 1545 1165 corruptionem
1568 1111 1724 1159 ualent,

196 1197 291 1226 cum
325 1184 624 1237 superstitiose
658 1184 707 1224 ab
742 1184 808 1225 his
843 1183 1091 1230 abstinetur,
1138 1186 1186 1224 ut
1232 1184 1291 1224 eis
1338 1184 1462 1225 homo
1510 1183 1723 1224 abutatur.

196 1256 236 1297 id
270 1259 335 1298 est
368 1269 446 1297 non
480 1256 540 1297 eis
574 1257 719 1297 utatur
758 1255 1029 1297 secundum
1063 1257 1333 1308 praecepta
1372 1257 1419 1296 et
1464 1254 1724 1296 doctrinas

195 1327 456 1369 hominum.
501 1327 579 1368 hoc
617 1326 790 1380 planum
833 1328 918 1374 est;
959 1326 1034 1367 sed
1067 1325 1179 1379 quod
1214 1326 1416 1379 sequitur,
1451 1325 1632 1366 multum
1666 1338 1726 1366 re-

195 1398 344 1453 quiris:
368 1397 500 1449 Quae
529 1400 643 1439 sunt
671 1397 869 1450 quidem
896 1397 1141 1438 rationem
1169 1396 1410 1438 habentia
1438 1396 1724 1450 sapientiae

194 1470 240 1511 in
275 1470 638 1512 obseruatione
667 1472 716 1510 et
743 1468 1034 1510 humilitate
1062 1468 1229 1510 cordis
1258 1471 1304 1509 et
1331 1468 1597 1509 uexatione
1625 1480 1724 1510 cor-

193 1541 328 1594 poris
359 1566 410 1570 —
439 1541 522 1590 uel,
551 1541 663 1582 sicut
690 1540 761 1581 alii
788 1540 1049 1594 interpretati
1078 1542 1189 1591 sunt,
1219 1539 1275 1580 ad
1303 1552 1394 1580 non
1422 1539 1721 1593 parcendum

195 1613 388 1667 corpori
409 1636 480 1662 -,
505 1612 668 1653 nonin
697 1612 880 1653 honore
910 1611 1077 1664 aliquo
1106 1610 1163 1652 ad
1191 1610 1516 1653 saturitatem
1543 1610 1722 1652 carnis.

195 1698 277 1735 cur,
309 1683 464 1738 inquis,
498 1683 601 1724 haec
635 1682 738 1724 dicit
773 1682 978 1724 rationem
1023 1681 1175 1723 habere
1222 1682 1466 1736 sapientiae,
1514 1694 1620 1735 quae
1665 1681 1721 1723 ita

193 1754 484 1809 reprehendit?
1367 1749 1369 1751 ’

253 1826 415 1875 Dicam,
449 1825 560 1879 quod
600 1827 642 1866 et
685 1825 774 1879 ipse
820 1825 860 1865 in
906 1824 1126 1877 scripturis
1165 1827 1286 1878 potes
1331 1824 1562 1867 aduertere.
1597 1837 1722 1878 saepe

194 1897 441 1950 sapientiam
476 1896 657 1949 positam
691 1895 817 1937 etiam
851 1895 892 1936 in
926 1895 1098 1936 sedibus
1126 1895 1272 1936 mundi
1299 1895 1440 1946 huius,
1469 1909 1593 1949 quam
1622 1895 1721 1937 dicit

137 1978 165 2003 ‘2‘
196 1968 432 2021 expressius
474 1966 724 2020 sapientiam
769 1965 896 2007 huius
940 1965 1100 2009 mundi.
1152 1978 1227 2007 nec
1271 1969 1455 2017 moueat,
1501 1966 1612 2020 quod
1658 1967 1723 2008 hi«-

312 2074 349 2108 s:
381 2073 439 2114 11;
469 2073 529 2112 152
559 2073 600 2106 17
629 2071 704 2107 col.
732 2072 764 2113 e,
791 2071 933 2106 21-‘23
1008 2072 1053 2106 24
1081 2071 1097 2105 1
1125 2071 1202 2106 eor.
1231 2072 1264 2113 3,
1294 2072 1335 2106 19

243 2145 258 2178 1
288 2154 351 2188 per
376 2146 579 2178 contactam
597 2142 638 2177 Η
656 2159 674 2175 ἢ
694 2146 858 2187 &pactum
886 2141 920 2175 V
942 2148 1166 2187 compactum
1183 2143 1220 2177 P
1243 2142 1322 2177 edd.
1343 2142 1425 2187 (Gr.
1449 2143 1504 2178 διὰ
1524 2149 1591 2178 τῶν
1613 2145 1724 2191 ἁφῶν,

202 2202 302 2247 Vuly.
330 2213 393 2247 per
418 2207 542 2244 nexus)
641 2204 662 2235 3
690 2202 725 2236 111
752 2213 831 2242 om„
860 2214 903 2236 ηι.
932 2204 957 2236 2
983 2202 1069 2236 add.
1096 2202 1131 2236 P
1244 2204 1346 2247 ergo}
1375 2203 1468 2238 enim
1502 2203 1536 2237 V
1630 2207 1652 2239 4
1678 2207 1721 2241 ab

196 2272 262 2296 om.
288 2262 364 2295 HA
432 2262 451 2295 ’ἲ
480 2261 612 2295 affecta
641 2261 681 2294 H
744 2262 765 2295 δ
792 2271 836 2295 ne
862 2260 1059 2305 tetigeritis
1086 2271 1130 2296 ne
1151 2261 1386 2306 gustaueritis
1412 2273 1455 2296 ne
1483 2264 1722 2299 attaminaue-

195 2322 273 2355 ritis
307 2321 339 2354 V
362 2321 462 2363 ecld.;
487 2322 533 2364 ef.
553 2333 592 2366 p.
621 2322 711 2363 369,
743 2323 764 2354 7
861 2321 1165 2355 attaminaueritis
1195 2321 1227 2355 G
1317 2323 1354 2355 11
1386 2333 1428 2355 ne
1455 2323 1653 2367 tetigeritis
1680 2336 1722 2358 m·

196 2381 430 2424 gustaueritis
458 2392 501 2414 ne
528 2380 831 2415 attaminaueritis
866 2380 898 2412 V
920 2379 999 2415 edd.
1098 2391 1140 2414 ne
1168 2381 1372 2425 gustaueris
1399 2392 1464 2415 om.
1493 2383 1527 2416 A
1600 2384 1641 2417 1⁴2
1668 2383 1721 2417 in-

196 2439 273 2484 quit
298 2451 365 2474 om.
394 2439 434 2473 1(
565 2440 686 2474 omnia
712 2440 829 2484 inquit
855 2439 934 2474 edd.
1070 2440 1120 2484 inl
1149 2451 1212 2484 per
1237 2439 1307 2475 PG
1429 2442 1656 2486 corruptione
1683 2443 1725 2477 II

199 2499 240 2533 13
267 2499 492 2533 abmsimem
520 2500 556 2533 P
579 2499 802 2534 ablusionem
832 2499 865 2534 G
969 2500 1071 2544 haec}
1099 2501 1191 2534 enim
1222 2500 1255 2534 G
1357 2501 1398 2535 14
1426 2501 1496 2545 liis}
1523 2502 1573 2535 eis
1590 2502 1642 2545 fl
1659 2513 1676 2535 1·
1689 2514 1720 2536 m

200 2558 240 2591 15
267 2557 460 2601 doctrin?s,
486 2569 594 2602 super
619 2559 795 2593 incertave
826 2559 847 2592 l.
877 2570 918 2593 m.
947 2561 966 2592 1
992 2558 1078 2595 add.
1107 2570 1127 2593 a
1160 2559 1193 2592 V
1335 2560 1376 2594 21
1407 2560 1524 2604 inquit
1551 2560 1586 2594 P
1611 2572 1670 2597 (m.
1698 2564 1723 2595 2

196 2617 326 2661 inquis)
352 2617 384 2650 G
405 2619 509 2660 (corr.
538 2618 669 2662 inquis,
695 2618 759 2653 sed
784 2619 902 2663 inquit
928 2629 1001 2653 ras.
1027 2617 1266 2654 restituturus
1297 2620 1342 2653 23
1369 2622 1490 2663 potest
1514 2619 1546 2652 G
1597 2620 1641 2653 24
1662 2631 1721 2665 po-

197 2674 267 2714 siti.
292 2686 338 2710 m.
366 2679 384 2709 1
410 2687 501 2710 corr.
529 2677 649 2721 posita
674 2676 716 2710 K
785 2678 830 2711 ‘25
858 2677 1071 2722 sapientiam
1089 2676 1320 2725 sllsslsmundi
1348 2688 1434 2718 gras,
1466 2680 1487 2711 4
1512 2678 1587 2721 fere
1614 2679 1656 2720 I.‚·
1684 2680 1718 2712 in

197 2744 307 2778 mary.
334 2746 378 2768 m.
407 2738 424 2768 1
450 2735 567 2777 huius)
601 2735 633 2768 Γ
729 2748 793 2770 uec
820 2739 855 2770 tc
883 2739 1026 2770 moueat
1061 2736 1091 2770 V
