1924 3122
156 963 189 989 10

101 1021 153 1062 19

158 1320 189 1345 15

677 183 1026 228 epistularum
1067 183 1276 220 CXXXVII.
1661 187 1743 228 123

212 312 365 355 audeat
403 311 599 353 accedere
637 323 754 353 mens
792 312 1055 354 tardiuscula
1094 316 1135 355 et
1172 313 1383 356 inerudita
1421 314 1542 367 quasi
1586 327 1745 368 pauper

213 384 264 425 ad
309 383 497 426 diuitem.
545 381 619 424 sed
661 382 816 424 inuitat
861 396 1003 425 omnes
1054 384 1206 426 humili
1257 398 1461 435 sermone,
1507 398 1611 439 quos
1662 399 1742 427 non

212 455 350 498 solum
388 454 613 496 manifesta
648 457 809 508 pascat,
850 454 924 496 sed
964 455 1090 496 etiam
1130 459 1291 497 secreta
1336 460 1522 498 exerceat
1565 457 1744 498 ueritate

212 527 291 568 hoc
334 527 375 568 in
409 526 614 580 promptis
660 526 771 580 quod
815 527 857 567 in
901 526 1128 568 reconditis
1173 527 1342 569 habens.
1389 527 1463 569 sed
1506 540 1555 569 ne
1601 529 1744 580 aperta

212 598 514 647 fastidirentur,
566 597 711 639 eadem
762 610 906 639 rursus
959 599 1102 651 operta
1153 598 1456 647 desiderantur,
1509 599 1744 640 desiderata

213 669 395 722 quodam
433 668 558 710 modo
597 670 864 719 renouantur,
904 671 1104 710 renouata
1143 669 1332 711 suauiter
1374 669 1633 711 intimantur.
1678 669 1743 711 his

214 740 439 782 salubriter
471 742 512 781 et
544 752 673 794 praua
704 740 972 794 corriguntur
1005 742 1046 781 et
1078 753 1207 794 parua
1238 740 1483 782 nutriuntur
1515 743 1556 782 et
1593 752 1746 794 magna

214 812 478 854 oblectantur
513 811 690 866 ingenia.
729 810 801 852 ille
841 811 939 853 huic
978 811 1191 853 doctrinae
1222 811 1419 853 inimicus
1461 814 1525 853 est
1564 811 1743 861 animus,

214 883 286 937 qui
317 883 386 924 uel
419 882 591 924 errando
625 895 716 924 eam
749 882 887 924 nescit
918 895 1011 924 esse
1044 882 1364 924 saluberrimam
1391 883 1461 924 uel
1488 883 1576 924 odit
1602 895 1744 937 aegro-

213 953 340 995 tando
372 953 639 996 medicinam.

275 1025 418 1074 Vides,
457 1038 583 1078 quam
620 1025 822 1079 prolixam
862 1024 1086 1078 epistulam
1126 1025 1310 1068 fecerim.
1352 1025 1388 1066 si
1428 1025 1529 1079 quid
1568 1037 1664 1079 ergo
1704 1026 1745 1065 te

215 1099 359 1138 mouet
390 1099 516 1151 atque
549 1097 659 1138 inter
689 1110 764 1139 nos
796 1096 1043 1150 pertractari
1075 1097 1181 1138 tanti
1213 1097 1355 1148 habes,
1389 1110 1468 1138 non
1506 1096 1586 1138 tibi
1618 1095 1747 1137 faciat

216 1168 435 1223 angustias
467 1167 721 1210 usitatarum
762 1168 1040 1222 epistularum
1080 1169 1201 1210 uelut
1239 1167 1540 1210 custodiendus
1579 1167 1746 1217 modus,

217 1239 317 1293 quia
342 1241 384 1281 et
410 1239 566 1292 optime
593 1239 719 1290 nosti,
748 1252 874 1293 quam
901 1239 1078 1294 grandes
1106 1252 1175 1281 eas
1204 1241 1368 1281 ueteres
1390 1238 1625 1288 habuerint,
1650 1251 1745 1279 cum

218 1310 377 1364 aliquid
421 1314 605 1366 agerent,
644 1310 756 1364 quod
796 1310 1000 1363 explicare
1039 1310 1224 1352 breuiter
1262 1323 1342 1352 non
1381 1308 1581 1351 ualerent.
1626 1311 1668 1350 et
1711 1309 1746 1350 si

217 1383 436 1424 auctorum
463 1382 514 1423 ad
540 1382 642 1423 alias
668 1382 831 1424 litteras
857 1383 1159 1436 pertinentium
1186 1395 1277 1424 mos
1305 1384 1417 1424 esset
1444 1381 1565 1423 alius.
1588 1383 1747 1423 nostro-

269 1604 285 1636 1
315 1602 455 1637 erudita
486 1603 518 1637 Τ
588 1603 609 1637 2
635 1603 782 1637 humili*
801 1603 894 1647 (fuit
921 1605 951 1647 s)
976 1603 1017 1637 Η
1127 1614 1215 1648 quos
1244 1605 1274 1644 (s
1299 1614 1344 1637 m.
1373 1604 1398 1637 2
1424 1602 1507 1645 del.)
1538 1601 1590 1635 W
1611 1612 1680 1646 quo
1708 1601 1752 1635 H

219 1663 240 1697 3
266 1666 403 1707 pascat,
427 1674 473 1698 m.
499 1664 525 1697 2
552 1665 675 1707 poscat
707 1662 758 1696 W
778 1665 914 1707 poscat,
944 1674 986 1697 m.
1015 1666 1039 1697 3
1064 1665 1191 1708 pascat
1209 1662 1254 1696 H
1276 1665 1411 1707 parcat,
1437 1673 1481 1695 m.
1509 1663 1535 1696 2
1560 1663 1684 1706 pascat
1710 1660 1753 1694 K

267 1721 442 1766 exerceat]
470 1723 507 1755 et
532 1723 696 1756 exerceat
721 1721 756 1755 A
852 1721 920 1756 hoc
945 1721 1100 1756 ueritate
1127 1721 1176 1755 M
1250 1721 1405 1755 ueritate
1432 1731 1511 1755 cum
1538 1731 1611 1754 ras.
1638 1731 1748 1764 super

214 1784 330 1826 postr.
357 1781 380 1815 l.
414 1781 446 1814 T
468 1781 661 1816 ueritatem
687 1781 732 1814 H
849 1781 871 1815 4
897 1781 933 1815 in
959 1782 1152 1826 promptis]
1180 1780 1409 1826 impromptis
1435 1780 1485 1814 M
1590 1779 1686 1824 quod
1713 1782 1749 1812 et

220 1841 256 1874 in
288 1840 338 1874 W
431 1845 566 1886 aperte,
592 1851 636 1874 m.
665 1842 690 1874 2
715 1842 840 1885 aperta
872 1840 922 1875 W
1026 1843 1047 1875 5
1074 1839 1334 1875 fastiderentur
1365 1840 1430 1874 TC
1452 1838 1685 1873 fastidientur
1711 1838 1752 1871 H

223 1902 281 1943 (m.
315 1903 338 1934 3
370 1899 633 1942 fastidirentur)
666 1899 709 1933 K
736 1899 946 1934 fastidietur
976 1900 1016 1934 D
1046 1899 1283 1934 fastidiantur
1319 1899 1402 1933 WB
1547 1909 1686 1932 rursum
1724 1898 1754 1932 C

268 1962 394 2004 aperta
418 1958 456 1992 D
559 1958 1031 1993 desiderata-renouantur
1058 1971 1123 1995 om.
1155 1959 1220 1994 CR
1341 1959 1362 1992 6
1390 1957 1627 2003 quoadmodo,
1653 1969 1698 1991 m.
1726 1959 1751 1991 2

222 2017 456 2063 quoammodo
490 2018 522 2052 T
592 2021 810 2052 renouantur
835 2028 902 2052 om.
922 2018 1007 2053 DH
1032 2028 1090 2052 (m.
1115 2020 1138 2052 3
1160 2018 1245 2054 add.
1275 2018 1325 2062 et)
1399 2022 1485 2052 ante
1508 2018 1685 2051 renouata
1711 2017 1751 2050 in

221 2077 328 2111 initio
353 2077 439 2121 folii
464 2088 538 2111 ras.
568 2079 667 2111 8-9
693 2077 716 2111 l.
742 2078 778 2112 P
853 2078 1037 2119 intimata,
1063 2089 1108 2112 m.
1137 2080 1162 2111 2
1187 2078 1404 2112 intimantur
1435 2077 1485 2111 W
1508 2077 1696 2110 intimatur
1716 2077 1749 2109 A

268 2136 328 2171 hic
353 2136 438 2170 HK
526 2137 545 2170 7
573 2137 810 2181 corrigantur.
836 2149 881 2171 m.
909 2139 934 2171 2
960 2137 1187 2182 corriguntur
1220 2136 1269 2171 W
1361 2148 1468 2182 phua
1494 2137 1603 2179 (inter
1629 2147 1650 2180 p
1677 2138 1710 2169 et
1736 2146 1751 2168 r

222 2206 266 2230 m.
294 2198 313 2230 1
339 2195 425 2230 add.
454 2198 487 2238 a)
519 2196 569 2229 W
673 2196 694 2230 8
723 2196 878 2241 animus]
905 2197 1039 2231 amicus
1066 2202 1124 2235 (m.
1153 2199 1178 2231 2
1204 2197 1289 2240 del.)
1315 2197 1363 2231 M
1476 2197 1496 2230 9
1524 2195 1620 2229 odit*
1646 2195 1692 2228 M
1717 2196 1751 2238 (a

223 2257 330 2297 eras.)
357 2255 393 2289 P
514 2255 555 2289 12
588 2257 710 2290 mouet
741 2267 814 2290 ras.
847 2260 888 2291 uc
919 2257 995 2291 uid.
1028 2268 1071 2291 ex
1102 2259 1248 2291 moueat
1280 2257 1329 2291 W
1356 2258 1501 2290 moueat
1527 2257 1562 2298 (a.
1587 2255 1680 2298 emp.)
1708 2253 1755 2287 JI

271 2317 391 2359 atque,
417 2314 480 2350 sed
504 2316 542 2349 at
566 2326 610 2349 m.
639 2317 664 2348 2
688 2327 715 2350 3.
742 2327 779 2350 u.
811 2315 863 2350 W*
932 2317 1156 2361 pertractari.
1183 2327 1274 2353 corr.
1302 2319 1522 2361 pertractare
1552 2315 1582 2348 C
1657 2313 1751 2347 tanti

223 2385 268 2408 m.
296 2376 321 2408 2
346 2384 390 2408 ex
414 2376 515 2408 tante
542 2378 573 2408 et
593 2385 652 2418 pr.
683 2377 698 2408 t
722 2375 764 2409 in
789 2386 863 2410 ras.
896 2375 946 2409 W
1045 2375 1182 2410 habens
1211 2378 1246 2415 (n
1273 2387 1316 2409 m.
1345 2377 1370 2409 2
1397 2374 1479 2416 del.)
1511 2373 1561 2408 W
1655 2372 1751 2413 facit,

224 2444 269 2467 m.
295 2436 315 2467 1
340 2444 431 2468 corr.
458 2433 569 2468 saciat
593 2433 642 2468 Μ
664 2433 774 2469 facias
801 2435 836 2468 A
960 2435 1002 2469 13
1029 2435 1244 2469 usitatorum
1270 2434 1309 2468 D
1424 2431 1678 2468 custodiendus
1705 2432 1752 2464 sit

225 2492 350 2526 modus
375 2491 424 2526 Ρι
456 2491 711 2526 custodiendos
742 2493 867 2527 medos
893 2493 942 2528 M
969 2497 1028 2536 (m.
1055 2496 1080 2528 2
1111 2493 1368 2528 custodiendus
1400 2492 1539 2533 modus)
1566 2492 1600 2526 A
1633 2493 1752 2525 custo-

227 2550 374 2586 diendo*
400 2552 488 2595 (fuit
514 2556 543 2594 s)
573 2551 697 2586 modos
722 2552 760 2586 P
880 2553 924 2587 14
948 2552 1107 2598 grandis,
1133 2565 1176 2587 m.
1206 2548 1231 2587 2
1256 2552 1411 2597 grandes
1447 2551 1495 2585 W
1623 2550 1687 2583 has
1715 2549 1752 2583 D

273 2610 487 2654 habuerunt,
512 2622 556 2644 m.
586 2613 610 2645 3
635 2610 828 2646 habuerint
854 2611 895 2645 H
993 2612 1041 2651 15,
1063 2616 1212 2657 agerent
1238 2623 1280 2646 ex
1307 2613 1417 2655 agent
1442 2611 1480 2645 D
1590 2609 1753 2643 ualerent

227 2679 270 2703 ex
294 2669 418 2703 ualent
441 2669 481 2704 D
575 2670 616 2703 16
642 2669 703 2714 ad]
731 2669 774 2704 ab
802 2670 837 2703 A
935 2670 1025 2705 alios
1052 2671 1265 2710 litterarum,
1293 2682 1336 2704 m.
1366 2672 1391 2703 2
1418 2669 1506 2703 alias
1532 2669 1674 2702 litteras
1706 2666 1757 2701 W

275 2728 542 2773 pertinentiam,
573 2740 618 2763 m.
651 2731 677 2763 2
712 2729 972 2774 pertinentium
1008 2729 1048 2763 H
1189 2741 1266 2763 mos
1305 2732 1360 2763 est
1390 2728 1427 2763 R
1464 2739 1581 2762 moses
1620 2726 1682 2761 sed
1715 2726 1756 2759 K

274 2788 486 2828 nostrarum,
511 2797 602 2822 corr.
628 2789 828 2822 nostrorum
855 2788 891 2822 B
