1924 3122
93 984 126 1011 10

92 1340 125 1366 15

657 200 1012 246 epistularum
1045 200 1183 236 CXXX.
1629 204 1682 245 65

154 333 328 380 crescat,
356 329 459 371 nihil
491 329 605 371 aliud
638 329 834 380 dicimuS‚
864 342 988 383 quam
1022 329 1133 383 quod
1165 330 1205 371 in
1240 330 1322 371 ista
1355 330 1565 372 dominica
1597 343 1683 372 ora-

153 401 267 443 tione
305 401 490 456 positum
531 402 608 448 est,
649 400 684 441 si
722 403 834 442 recte
875 403 916 442 et
955 402 1233 455 congruenter
1272 414 1453 445 oramus.
1490 401 1682 456 quisquis

153 474 294 514 autem
325 472 367 514 id
401 472 515 522 dicit,
549 471 658 526 quod
692 471 742 513 ad
780 472 905 514 istam
946 472 1233 527 euangelicam
1273 486 1438 527 precem
1476 473 1683 528 pertinere

152 555 232 584 non
276 543 426 597 possit.
472 543 639 584 etiamsi
682 554 761 584 non
807 542 966 586 inlicite
1011 544 1113 593 orat,
1160 544 1381 585 carnaliter
1425 546 1528 595 orat,
1572 544 1683 598 quod

153 614 293 655 nescio
327 626 448 667 quem
484 613 534 654 ad
567 613 738 656 modum
778 626 859 655 non
898 613 1062 655 dicatur
1099 614 1273 664 inlicite,
1308 614 1472 668 quando
1515 615 1682 668 quidem

153 684 304 738 spiritu
342 688 506 726 renatos
551 698 630 727 non
676 685 758 726 nisi
803 684 1048 738 spiritaliter
1092 684 1238 727 deceat
1283 697 1410 727 orare.
1458 685 1528 738 qui
1573 686 1681 727 enim

152 755 254 797 dicit
304 756 418 797 uerbi
465 756 613 810 gratia:
667 755 906 798 Clarificare
953 756 994 797 in
1040 756 1233 798 omnibus
1284 756 1495 811 gentibus,
1548 756 1682 798 sicut

153 826 471 869 clarificatus
524 840 573 868 es
624 827 668 868 in
722 827 878 877 nobis,
930 829 990 869 et:
1035 827 1318 881 Prophetae
1370 827 1445 868 tui
1496 827 1680 868 fideles

151 897 487 948 inueniantur,
517 898 615 951 quid
648 898 761 939 aliud
796 898 900 940 dicit
926 912 1070 952 quam:
1107 898 1473 940 Sanctificetur
1505 910 1678 940 nomen

151 970 319 1010 tuum?
341 969 413 1022 qui
434 969 554 1010 dicit:
577 969 711 1011 Deus
732 969 997 1020 uirtutum,
1020 971 1256 1011 conuerte
1283 982 1370 1011 nos
1398 971 1446 1011 et
1472 968 1680 1011 ostende

151 1039 329 1082 faciem
382 1042 516 1082 tuam
562 1042 608 1082 et
653 1041 782 1082 salui
834 1040 1031 1091 erimus,
1079 1040 1179 1094 quid
1225 1040 1339 1082 aliud
1386 1040 1489 1082 dicit
1533 1052 1679 1094 quam:

151 1110 330 1152 Veniat
373 1124 581 1166 regnum
626 1114 795 1153 tuum?
842 1111 914 1166 qui
959 1111 1080 1154 dicit:
1133 1112 1322 1154 Itinera
1366 1124 1471 1153 mea
1516 1111 1679 1165 dirige

152 1182 422 1223 secundum
456 1183 661 1225 uerbum
695 1185 834 1224 tuum
869 1185 916 1225 et
948 1196 1003 1224 ne
1037 1183 1320 1225 dominetur
1356 1182 1477 1224 mihi
1517 1182 1677 1224 omnis

151 1252 409 1307 iniquitas,
437 1253 538 1308 quid
564 1253 679 1295 aliud
706 1254 809 1295 dicit
836 1267 980 1308 quam:
1017 1254 1127 1296 Fiat
1149 1255 1386 1296 uoluntas
1420 1256 1505 1295 tua
1538 1253 1680 1295 sicut

150 1323 197 1366 in
231 1325 367 1367 caelo
402 1327 449 1367 et
480 1325 527 1366 in
559 1327 719 1367 terra?
749 1325 820 1379 qui
847 1325 967 1367 dicit:
997 1325 1354 1379 Paupertatem
1382 1327 1429 1367 et
1463 1324 1678 1366 diuitias

151 1408 207 1438 ne
240 1395 436 1438 dederis
469 1396 603 1447 mihi,
638 1397 739 1451 quid
772 1397 887 1438 aliud
921 1396 1022 1438 dicit
1061 1409 1206 1450 quam:
1240 1396 1417 1438 Panem
1451 1398 1676 1437 nostrum

152 1466 457 1509 cotidianum
479 1467 536 1508 da
565 1468 707 1510 nobis
736 1467 910 1509 hodie?
940 1467 1010 1521 qui
1031 1467 1152 1508 dicit:
1181 1464 1439 1517 Memento,
1470 1466 1678 1517 domine,

151 1538 312 1580 Dauid
352 1540 398 1579 et
437 1538 594 1580 omnis
634 1538 1039 1580 mansuetudinis
1079 1538 1200 1587 eius,
1241 1540 1332 1579 aut:
1372 1537 1594 1581 Domine.
1637 1536 1678 1578 si

149 1609 246 1651 feci
285 1609 437 1659 istud,
479 1609 519 1651 si
558 1611 635 1651 est
671 1609 921 1662 iniquitas
961 1609 1007 1650 in
1047 1609 1275 1650 manibus
1315 1608 1453 1659 meis,
1495 1608 1534 1649 si
1574 1607 1676 1650 red-

268 1774 288 1807 6
315 1772 390 1807 Ioh.
418 1772 450 1815 3,
478 1773 498 1805 ι’)
621 1771 639 1805 7
668 1770 777 1806 Eccli.
803 1771 860 1813 36,
887 1771 907 1804 4
1000 1771 1021 1805 8
1049 1770 1158 1807 Eccli.
1186 1771 1242 1815 36,
1273 1770 1315 1805 18
1417 1771 1459 1806 10
1485 1770 1543 1806 Ps.
1572 1770 1628 1814 79,
1656 1773 1677 1806 4

152 1831 194 1866 12
213 1831 271 1866 Ps.
301 1831 467 1873 118,133
543 1831 585 1865 15
612 1830 718 1864 Prou.
745 1830 801 1871 30,
828 1830 849 1864 8
926 1830 967 1864 17
995 1830 1052 1864 Ps.
1084 1830 1161 1870 131,
1190 1830 1205 1864 1
1287 1830 1328 1864 18
1355 1830 1414 1864 Ps.
1443 1831 1474 1867 7,
1502 1830 1595 1864 4-5

199 1914 214 1948 1
235 1914 271 1948 in
291 1914 363 1948 ista
389 1913 550 1948 oratione
578 1912 758 1947 dominica
781 1911 860 1947 ΟΡ1
881 1912 916 1946 in
939 1912 1100 1947 oratione
1120 1913 1191 1947 ista
1212 1911 1391 1947 dominica
1415 1912 1445 1947 C
1517 1913 1676 1947 oratione

148 1973 318 2018 positum]
346 1973 602 2017 praepositum,
629 1983 674 2006 m.
702 1974 727 2006 2
751 1972 972 2016 propositum
1000 1970 1050 2005 Ρ2
1132 1973 1152 2006 3
1179 1971 1216 2006 id
1242 1982 1310 2008 om.
1342 1971 1372 2005 O
1469 1971 1514 2006 ad
1541 1983 1607 2006 om.
1630 1972 1674 2005 1)Ι

147 2034 206 2075 (m.
235 2034 258 2066 3
284 2031 384 2074 add.)
418 2031 449 2065 V
480 2034 537 2074 (m.
567 2033 591 2065 2
620 2031 662 2065 in
694 2041 806 2076 mary.
842 2030 942 2073 add.)
1066 2030 1087 2064 4
1121 2031 1262 2065 etiamsi
1297 2032 1382 2075 non]
1415 2031 1522 2065 etiam
1551 2031 1601 2066 sic
1628 2030 1675 2064 Ι)ι

195 2091 351 2125 inliciter
375 2089 691 2124 HPKP¹IVMF
784 2090 974 2124 carnaliter
1000 2094 1078 2124 orat
1104 2101 1171 2124 om.
1198 2089 1431 2124 ΗΡΚΡῙΠν
1455 2094 1495 2124 (s.
1523 2101 1558 2124 u.
1585 2102 1628 2124 m,
1653 2092 1676 2123 2

149 2149 248 2192 add.)
321 2151 342 2184 5
368 2150 526 2184 inliciter
551 2148 782 2183 ΗΡΚΡΙΙΡν
877 2149 1034 2194 quando]
1064 2150 1109 2194 qd
1137 2149 1280 2194 quando
1307 2150 1370 2194 (qd
1397 2161 1440 2183 m.
1470 2151 1494 2182 2
1520 2149 1602 2189 del.)
1629 2148 1678 2182 1’2

148 2209 170 2243 6
195 2220 264 2244 non
291 2220 357 2245 om.
384 2209 464 2243 MA
563 2208 699 2248 deceat,
725 2221 769 2243 m.
798 2211 823 2243 2
848 2209 977 2243 doceat
1002 2208 1044 2243 K
1067 2208 1172 2243 decet
1198 2208 1276 2243 edd.
1300 2213 1445 2253 praeter
1467 2219 1489 2242 a
1589 2208 1673 2253 quid

148 2268 183 2302 P
205 2267 242 2311 (d
262 2268 418 2312 paulum
448 2272 535 2310 ras.)
563 2266 614 2302 P²
640 2267 677 2309 (d
703 2270 812 2310 eras.)
839 2268 934 2312 quim
961 2271 1049 2310 (ras.
1078 2270 1171 2302 1-2
1198 2267 1239 2309 l.‚·
1266 2269 1276 2301 i
1304 2279 1346 2302 ex
1373 2278 1463 2303 corr.
1492 2279 1534 2302 m.
1565 2270 1600 2300 3*
1628 2266 1675 2301 Ρι

150 2328 169 2361 7
197 2327 409 2362 clarificetur
433 2328 468 2361 in
497 2327 662 2361 omnibus
689 2327 859 2372 gentibus
886 2328 921 2362 P
945 2328 997 2371 (in
1026 2328 1113 2365 ras.)
1139 2327 1188 2361 P¹
1221 2328 1336 2371 (cetur
1368 2328 1403 2361 in
1431 2339 1486 2361 oni
1514 2338 1558 2361 m.
1588 2329 1610 2359 3
1638 2327 1673 2359 in

147 2388 236 2428 ras.)
321 2386 490 2432 gentibus
517 2397 584 2421 om.
615 2387 644 2421 O
705 2386 726 2421 8
753 2387 805 2431 es]
835 2391 853 2421 ἔ
881 2386 927 2420 Ρι
990 2387 1221 2421 inueniantnr
1247 2386 1371 2420 fideles
1403 2385 1432 2419 Ο
1494 2387 1514 2420 9
1542 2385 1674 2419 sancti-

149 2444 427 2491 ficetur—quam
454 2457 521 2482 om.
553 2446 582 2480 0
680 2445 723 2480 10
750 2446 825 2490 qui]
852 2446 928 2490 qui·
963 2446 988 2480 I
1010 2445 1045 2489 (d
1072 2456 1164 2480 erae.
1183 2445 1215 2481 ,9)
1241 2444 1290 2480 P²
1315 2445 1351 2489 (11
1378 2447 1485 2481 eras.)
1603 2444 1672 2477 uir-

148 2505 273 2548 tutem,
298 2515 343 2538 m.
371 2508 389 2538 1
417 2515 508 2539 corr.
535 2505 710 2539 uirtutum
732 2505 757 2538 I
807 2506 843 2539 11
875 2516 980 2549 quaxn
1007 2515 1042 2546 (ba
1069 2516 1112 2540 ex
1137 2516 1227 2548 corr.
1256 2517 1300 2538 m.
1328 2507 1370 2546 2,·
1389 2504 1516 2547 fuitne
1543 2502 1606 2537 05²)
1627 2501 1676 2536 1³²

151 2563 192 2597 12
218 2562 388 2597 adueniat
416 2563 446 2598 O
543 2564 622 2608 qui*
648 2563 740 2606 (fuit
767 2563 866 2608 quid>
894 2564 919 2597 I
1012 2564 1149 2598 itencra
1182 2563 1231 2598 W
1303 2564 1344 2597 13
1367 2563 1454 2597 *mei
1485 2564 1514 2596 C
1539 2562 1607 2595 inei
1644 2560 1675 2593 1'

147 2621 226 2656 edd.
250 2633 315 2657 aec.
342 2633 436 2657 sacr.
464 2623 532 2657 lite.
634 2625 675 2657 15
704 2623 781 2667 qui.
807 2622 842 2665 (d
870 2626 975 2657 crass·
1003 2623 1045 2657 I1
1129 2622 1276 2657 diuitias
1305 2624 1340 2656 et
1366 2623 1613 2667 paupertatem
1646 2620 1675 2653 Ο

150 2681 192 2715 17
218 2681 297 2725 qui·
316 2681 353 2726 (d
378 2687 485 2717 eras.)
515 2682 540 2716 I
659 2682 701 2716 18
733 2682 847 2716 omnis
880 2681 1173 2716 mansuetudines
1206 2684 1294 2724 (ras.
1322 2678 1624 2724 mansuetudinis)
1657 2678 1678 2711 Ῑ

149 2749 269 2773 omnes
300 2739 595 2775 mansuetudines
622 2740 741 2774 HPK
855 2741 897 2775 19
930 2741 1018 2774 ineis
1054 2752 1120 2775 om.
1152 2740 1201 2773 W
1320 2738 1435 2773 reddi.
1468 2750 1509 2773 m.
1540 2740 1555 2770 1
1582 2747 1672 2771 corr.

149 2796 287 2832 reddidi
314 2798 352 2832 F

184 2880 349 2906 xxxxnu
372 2882 446 2913 Aug.
468 2885 539 2908 sect.
558 2882 587 2907 11
608 2889 674 2914 par<
696 2884 720 2907 3,
1605 2866 1625 2897 ἶ)
