1952 3118
74 952 106 977 10

530 164 880 208 epistularum
921 163 1063 199 CXLII.
1098 163 1257 200 CXLIII.
1576 170 1662 210 251

133 294 240 336 solui
275 294 395 338 solet.
430 293 520 335 siue
554 306 650 335 cum
683 293 842 334 marina
875 305 982 346 aqua.
1015 293 1152 335 offerri
1185 293 1385 347 potuerit,
1419 294 1523 343 siue,
1553 294 1665 348 quod

133 368 198 406 est
230 364 487 408 credibilius.
522 365 619 419 quia
651 364 692 404 in
726 376 773 405 ea
805 364 989 418 regione,
1023 364 1062 405 in
1103 377 1185 418 qua
1224 368 1340 406 erant
1377 365 1452 406 filii
1490 365 1663 408 Israhel.

131 436 236 477 istae
268 435 415 489 plagae
447 448 527 477 non
559 435 728 476 fiebant.
763 435 841 476 hoc
870 435 979 476 enim
1008 435 1260 489 quibusdam
1289 436 1520 490 scripturae
1547 436 1663 478 illius

131 506 235 547 locis
274 506 539 559 apertissime
578 518 820 559 expressum
859 505 1067 555 admonet,
1108 506 1233 547 etiam
1274 506 1344 547 ubi
1385 520 1461 548 non
1503 507 1663 549 dictum

133 580 210 627 est,
244 577 345 629 quid
376 577 568 630 intellegi
601 577 761 618 debeat.

189 648 292 689 Illae
330 651 471 689 autem
510 648 674 689 litterae
713 650 824 695 tuae,
865 660 968 700 quas
1006 648 1226 702 presbyter
1264 647 1456 690 Urbanus
1496 649 1663 699 adtulit,

131 719 285 760 habent
328 719 617 772 quaestionem
663 719 767 760 mihi
812 718 1069 772 propositam
1118 731 1163 759 ex
1208 719 1327 760 libris
1378 732 1457 761 non
1509 719 1663 761 diuinis

132 790 205 831 sed
243 790 363 839 meis,
404 804 508 844 quos
549 790 698 843 scripsi
737 790 786 831 de
824 789 957 831 libero
1004 790 1186 831 arbitrio.
1232 790 1273 830 in
1319 791 1477 832 talibus
1523 793 1663 832 autem

132 861 449 914 quaestionibus
483 874 562 903 non
596 861 778 902 multum
811 861 967 911 laboro,
1001 861 1110 914 quia.
1146 861 1225 902 etsi
1259 861 1424 903 defendi
1458 862 1665 903 sententia

130 945 223 974 mea
260 932 420 986 liquida
456 933 616 974 ratione
655 944 733 973 non
773 934 926 985 potest,
960 945 1052 973 mea
1091 935 1169 982 est,
1208 946 1288 974 non
1329 933 1419 974 eius
1464 933 1663 977 auctoris,

131 1004 251 1045 cuius
304 1016 474 1044 sensum
524 1003 744 1057 inprobare
796 1003 858 1043 fas
910 1016 988 1045 non
1039 1007 1116 1045 est.
1164 1004 1288 1044 etiam
1340 1017 1435 1045 cum
1486 1017 1532 1044 eo
1584 1016 1663 1045 non

129 1075 344 1116 intellecto
371 1075 448 1116 hoc
477 1074 571 1115 inde
599 1075 792 1117 sent-itur.
814 1074 922 1128 quod
950 1075 1254 1128 inprobandum
1283 1078 1360 1115 est.
1389 1087 1465 1129 ego
1494 1075 1664 1129 proinde

129 1147 262 1187 fateor
310 1159 376 1186 me
427 1160 473 1187 ex
525 1159 667 1188 eorum
720 1159 892 1187 numero
945 1158 1037 1187 esse
1089 1146 1241 1195 conari,
1288 1146 1359 1199 qui
1410 1146 1663 1199 proficiendo

131 1217 320 1259 scribunt
353 1219 393 1258 θῖ
427 1217 646 1258 scribendo
680 1217 917 1271 proficiunt.
950 1217 1059 1259 unde
1093 1218 1129 1258 si
1161 1217 1320 1270 aliquid
1353 1218 1421 1258 uel
1452 1218 1663 1259 incautius

89 1307 104 1330 5
129 1289 198 1330 uel
230 1288 442 1330 indoctius
471 1300 493 1328 a
518 1301 584 1329 me
617 1288 802 1341 positum
839 1291 916 1338 est,
946 1288 1058 1341 quod
1090 1302 1169 1330 non
1204 1290 1342 1330 solum
1376 1290 1426 1330 ab
1454 1289 1563 1339 aliis,
1592 1290 1662 1342 qui

129 1359 272 1401 uidere
304 1359 347 1399 id
386 1361 576 1412 possunt,
617 1360 765 1401 merito
803 1360 1130 1413 reprehendatur
1173 1373 1319 1401 uerum
1366 1360 1493 1401 etiam
1533 1373 1556 1401 a
1597 1373 1663 1401 me

128 1430 234 1484 ipso,
263 1430 361 1482 quia
393 1433 434 1471 et
467 1443 544 1484 ego
579 1430 730 1472 saltem
765 1432 912 1484 postea
944 1431 1086 1472 uidere
1121 1431 1265 1481 debeo,
1301 1431 1334 1472 si
1370 1430 1554 1484 proficio.
1588 1443 1664 1472 nec

130 1501 364 1542 mirandum
405 1503 470 1542 est
509 1513 583 1543 nec
624 1501 849 1543 dolendum
890 1502 963 1543 sed
1002 1502 1144 1554 potius
1188 1502 1491 1556 ignoscendum
1537 1504 1663 1555 atque

131 1572 441 1626 gratulandum,
470 1586 547 1614 non
584 1573 679 1626 quia
707 1575 887 1614 erratum
918 1575 994 1623 est,
1024 1573 1096 1614 sed
1130 1573 1228 1626 quia
1255 1573 1534 1626 inprobatum.
1567 1586 1662 1613 nam

74 1661 107 1686 20
131 1643 254 1685 nimis
294 1656 489 1697 peruerse
529 1656 572 1684 se
610 1644 750 1698 ipsum
792 1646 916 1694 amat,
957 1644 1028 1697 qui
1068 1646 1108 1684 et
1147 1644 1252 1685 alios
1291 1644 1386 1684 uult
1430 1656 1576 1686 errare.
1618 1647 1664 1684 ut

133 1726 244 1755 error
282 1727 385 1756 suus
430 1715 570 1757 lateat.
617 1717 771 1768 quanto
818 1715 927 1756 enim
973 1715 1124 1756 melius
1170 1716 1213 1755 θῖ
1255 1714 1419 1763 utilius,
1458 1714 1530 1755 ubi
1574 1714 1663 1767 ipse

133 1785 299 1827 errauit.
333 1785 402 1826 alii
436 1799 515 1827 non
549 1789 697 1828 errent.
733 1799 909 1839 quorum
943 1786 1158 1827 admonitu
1193 1798 1328 1826 errore
1361 1786 1516 1826 careat!
1552 1785 1663 1837 quod

134 1855 167 1896 si
200 1855 392 1898 noluerit.
426 1856 574 1897 saltem
611 1856 786 1897 comites
826 1856 974 1897 erroris
1014 1868 1094 1897 non
1134 1856 1297 1897 habeat.
1338 1856 1371 1896 si
1412 1855 1518 1896 enim
1559 1855 1662 1896 mihi

251 1984 271 2017 2
298 1983 358 2018 Ex.
387 1986 419 2023 θ’,
447 1984 508 2019 22ε
536 1984 569 2026 9,
596 1983 635 2022 4;
664 1984 700 2023 6;
729 1983 791 2021 26;
822 1982 874 2025 10,
903 1983 1095 2021 23ς11.7

183 2055 197 2088 1
227 2055 319 2089 solui
346 2066 412 2089 om.
440 2055 482 2089 K
590 2066 666 2089 cuni
694 2065 760 2088 om.
789 2055 823 2088 A
851 2066 941 2095 cum,
970 2066 1012 2088 m.
1040 2057 1066 2089 2
1089 2065 1205 2099 supra
1230 2055 1247 2088 l'
1274 2053 1370 2099 quod
1395 2053 1443 2088 Pl
1471 2053 1565 2098 quod
1593 2053 1663 2087 PG

125 2113 254 2157 slrm
352 2114 509 2158 potuerit
536 2114 654 2148 offerri
681 2114 760 2148 edd.
861 2113 979 2148 afferri
1006 2114 1042 2147 P
1066 2113 1197 2148 adferri
1227 2113 1260 2148 G
1353 2114 1373 2147 2
1400 2114 1437 2147 in
1464 2124 1544 2153 om,
1573 2125 1616 2147 m.
1644 2116 1662 2146 1

134 2171 217 2206 add.
245 2172 280 2205 P
375 2173 509 2217 regine.
538 2185 580 2209 m.
608 2176 626 2206 1
652 2183 742 2207 corr.
771 2173 917 2217 regione
949 2172 981 2206 G
1066 2174 1088 2206 4
1114 2172 1202 2206 locis
1228 2183 1308 2215 ont„
1336 2184 1378 2206 m.
1407 2175 1426 2206 1
1453 2176 1539 2206 ante
1564 2172 1662 2205 illius

134 2230 218 2265 add.
249 2231 281 2265 G
380 2232 605 2275 apertissime
632 2235 705 2275 (pr.
734 2243 752 2266 θ
779 2243 822 2266 ex
848 2242 939 2266 corr.
965 2243 1009 2266 m,
1039 2234 1076 2275 2)
1104 2231 1146 2265 H
1260 2231 1405 2265 ductum
1435 2233 1490 2264 est
1517 2230 1603 2275 quid
1629 2233 1663 2265 A

134 2289 231 2324 aliud
257 2290 393 2335 aliquid
424 2290 457 2322 (r'
556 2292 574 2325 7
602 2291 689 2325 mihi
718 2291 942 2335 questionem
974 2292 1005 2323 (ι’
1105 2294 1125 2325 ὅ
1153 2290 1248 2336 quod
1279 2291 1309 2323 ('
1435 2290 1539 2334 libro,
1566 2301 1610 2323 m.
1640 2294 1664 2323 :2

133 2348 244 2383 libero
272 2348 312 2383 K
431 2352 452 2384 ‘J
480 2353 526 2387 ct,
552 2361 597 2383 m.
627 2352 652 2384 2
678 2351 746 2384 etsi
773 2350 814 2383 K
946 2349 1111 2385 defende.
1138 2362 1182 2383 m.
1212 2352 1237 2383 2
1262 2349 1406 2383 defendi
1435 2349 1473 2383 H
1501 2349 1664 2382 defendis

135 2411 165 2449 (s
190 2410 296 2451 eras.)
324 2409 354 2442 C
414 2410 455 2442 10
475 2409 607 2453 *liquid
636 2420 666 2449 a,
693 2409 925 2443 coniunctum
946 2408 1106 2453 *liquida
1133 2410 1268 2452 (fuisse
1292 2409 1368 2444 uid.
1396 2408 1532 2453 aliquid
1559 2416 1593 2444 a)
1616 2407 1662 2440 1²¹

137 2467 174 2501 11
205 2479 261 2501 (κο
288 2470 326 2513 (g
352 2480 458 2503 eras.)
487 2469 523 2502 P
573 2469 614 2502 12
641 2468 815 2512 intellego
842 2468 889 2502 M
961 2469 1043 2512 ego!
1073 2472 1109 2502 et
1136 2480 1201 2511 ego
1229 2468 1265 2502 P
1289 2480 1373 2512 ergo
1403 2468 1443 2501 ll
1493 2468 1534 2500 13
1561 2478 1661 2500 coro-

134 2527 209 2561 nari
235 2531 286 2570 (ro
314 2528 380 2562 del.
408 2528 475 2562 uia:
498 2539 542 2561 m.
571 2531 602 2570 1)
632 2527 666 2559 G
767 2529 806 2562 17
835 2526 956 2561 uidere
984 2527 1019 2561 id
1047 2527 1160 2561 debeo
1191 2528 1223 2562 G
1326 2529 1367 2562 18
1395 2525 1660 2571 agnoscendum

135 2585 247 2619 I’GK
298 2588 338 2620 19
366 2586 633 2632 grutuhzndum.
661 2598 753 2621 corr.
780 2586 1034 2631 gratulandum
1060 2586 1092 2622 G
1120 2574 1443 2631 congratulandum
1466 2586 1495 2618 (Ὺ
1542 2584 1587 2618 20
1609 2585 1662 2618 ni-

134 2645 214 2689 mis}
243 2646 272 2679 is
303 2646 334 2679 G
457 2647 497 2679 21
530 2647 579 2690 ct}
609 2651 638 2686 e,
664 2657 709 2679 m.
738 2649 763 2680 2
788 2651 805 2680 ἐ
834 2649 869 2679 ct
896 2645 942 2678 Ρι
1069 2646 1155 2684 ,ιὼί,
1184 2658 1227 2679 m.
1255 2648 1280 2679 2
1308 2648 1348 2678 ut
1374 2645 1432 2678 ubi
1462 2644 1508 2677 P¹
1536 2647 1574 2677 ut
1601 2643 1660 2678 ubi

134 2703 254 2746 flrm
351 2707 397 2739 ‘22
424 2705 557 2739 errauit
582 2708 615 2747 (e
641 2716 685 2738 m.
714 2707 739 2739 2
764 2705 804 2739 in
829 2706 918 2747 ras.)
945 2704 994 2739 1²¹
1105 2708 1218 2747 erant,
1245 2716 1290 2738 m.
1318 2705 1334 2736 1
1361 2714 1448 2738 corr.
1477 2706 1598 2737 errant
1628 2703 1659 2734 (ι’

135 2762 179 2797 23
206 2765 373 2798 (to-mites
399 2765 491 2808 (fuit
519 2770 566 2805 m)
595 2765 629 2798 P
