1952 3118
288 361 314 400 9

354 235 441 275 356
829 232 862 265 S.
902 231 1084 265 Aureli
1123 232 1411 277 Augustini

409 360 531 412 Quod
575 374 673 402 uero
718 360 757 401 in
805 361 967 413 psalmo
1023 360 1371 415 quinquagesimo
1426 364 1574 403 octauo
1621 363 1670 404 de
1715 364 1882 405 Iudaeis

346 432 611 486 intellegitur
644 432 826 473 dicente:
862 431 932 472 Ne
967 431 1240 473 occideris
1276 445 1377 481 eos,
1418 446 1476 473 ne
1511 434 1719 486 quando
1755 436 1881 476 obli-

347 503 601 544 uisoantu
615 516 633 542 r
665 503 807 556 legis
847 505 983 546 tuae.
1026 503 1321 544 conuenienter
1352 503 1456 543 mihi
1490 504 1659 545 uidetur
1690 505 1880 560 intellegi

343 575 403 616 ita
454 587 545 615 esse
597 574 955 627 praenuntiatum:
1010 575 1182 615 eandem
1234 576 1399 628 gent-em
1454 575 1579 615 etiam
1631 575 1878 617 debellatam

345 650 470 701 atque
510 648 757 688 subuersam
796 647 836 687 111
869 646 1013 699 populi
1052 646 1226 688 uictoris
1268 647 1589 699 superstitiones
1629 661 1708 689 non
1746 648 1878 690 fuisse
1923 663 1939 687 5

345 731 570 767 cessuram,
612 718 683 759 sed
723 719 763 758 in
803 718 936 758 ueteri
974 718 1067 772 lege
1106 731 1359 768 mansuram,
1400 720 1447 758 ut
1486 718 1596 770 apud
1642 731 1731 759 eam
1767 722 1880 760 esset

342 789 634 830 testimonium
681 790 980 842 seripturarmn
1021 792 1110 830 toto
1151 790 1248 830 orbe
1287 792 1505 838 terrarum.
1551 788 1660 829 unde
1701 789 1879 830 ecelesia

342 861 479 901 fuerat
511 860 736 901 euocanda.
773 860 885 900 nullo
921 860 1029 900 enim
1065 859 1322 901 euidentiore
1357 860 1607 901 documento
1642 859 1879 900 ostenditur

344 932 555 985 gentibus,
608 931 718 984 quod
769 931 1043 971 saluberrime
1095 930 1341 980 aduertitur,
1395 944 1473 971 non
1525 930 1785 983 inopinatum
1837 932 1878 971 et

340 1004 604 1056 repentinum
634 1002 793 1055 aliquid
819 1003 1065 1043 institutum
1094 1003 1241 1056 spiritu
1271 1002 1628 1056 praesumptionis
1656 1002 1876 1051 humanae.
1903 1019 1916 1042 1

342 1076 388 1114 ut
434 1073 589 1115 Christi
633 1087 781 1115 nomen
827 1074 867 1114 in
916 1087 987 1126 spe
1035 1074 1183 1114 salutis
1230 1077 1421 1114 aeternae
1465 1075 1582 1114 tanta
1626 1073 1876 1113 auctoritate

339 1145 610 1198 praepolleat.
652 1145 723 1186 sed
764 1146 864 1186 olim
903 1145 1035 1186 fnisse
1074 1145 1371 1197 prophetatum
1412 1147 1537 1197 atque
1577 1144 1875 1197 conscriptum,

339 1229 433 1257 nam
472 1217 563 1269 ipsa
601 1216 822 1270 prophet-ia
863 1216 963 1269 qnid
1005 1216 1118 1257 aliud
1158 1216 1238 1257 nisi
1273 1229 1294 1256 a
1327 1216 1481 1257 nostris
1525 1218 1744 1269 putaretur
1783 1228 1874 1256 esse

340 1287 528 1337 eonfieta.
576 1288 610 1327 si
650 1300 728 1328 non
777 1287 824 1328 (le
869 1287 1134 1328 inimieorum
1180 1287 1395 1328 codicibus
1441 1288 1714 1339 probaretur?
1759 1286 1872 1327 ideo:

338 1358 413 1400 Ne
454 1359 723 1400 occideris
766 1371 868 1400 eos.
909 1371 958 1399 ne
996 1358 1131 1411 ipsius
1172 1359 1308 1412 gentis
1350 1371 1497 1399 nomen
1539 1358 1772 1400 extinxeris.
1812 1371 1867 1398 ne
1901 1374 1933 1400 15

340 1431 547 1483 quando
589 1430 997 1471 obliuiseantur
1036 1430 1179 1484 legis
1227 1432 1365 1477 tuae.
1407 1430 1516 1482 quod
1556 1430 1702 1483 utique
1741 1429 1871 1472 tieret.

340 1502 375 1542 si
401 1502 508 1542 ritus
537 1504 578 1542 et
606 1514 723 1542 saera
756 1502 943 1555 gentium
973 1502 1106 1543 colere
1136 1501 1343 1555 compulsi
1371 1501 1537 1554 penitus
1567 1502 1872 1553 qualecumque

337 1585 486 1614 nomen
521 1586 621 1614 suae
654 1573 868 1627 religionis
902 1573 1072 1614 minime
1099 1573 1334 1614 retinerent.
1362 1573 1473 1625 quod
1500 1573 1540 1613 in
1569 1585 1711 1613 eorum
1740 1572 1873 1626 figura

338 1644 463 1685 etiam
492 1644 540 1685 de
570 1643 669 1685 Cain
699 1644 902 1697 seriptum
931 1648 1008 1685 est.
1038 1644 1148 1697 quod
1176 1656 1260 1684 oon
1277 1644 1453 1684 stituit
1479 1644 1519 1684 in
1549 1656 1595 1685 eo
1625 1644 1870 1684 dominus

338 1715 562 1769 signum.
603 1729 661 1756 ne
698 1717 816 1768 quis
853 1716 1132 1757 occideret
1165 1728 1290 1756 eum.
1333 1715 1509 1768 denique
1550 1728 1645 1756 oum
1679 1715 1868 1755 dixisset:
1897 1732 1930 1758 ρο

335 1786 406 1827 Ne
447 1787 716 1828 occideris
765 1800 866 1836 eo:<‚
915 1800 972 1828 ne
1013 1787 1223 1840 quando
1271 1787 1681 1828 obliuiseantur
1725 1787 1866 1840 legis

335 1859 471 1906 tuae.
511 1859 632 1899 uelut
664 1860 943 1911 quaereretur,
985 1859 1086 1911 quid
1120 1859 1167 1899 (le
1199 1859 1285 1900 illis
1320 1860 1432 1899 esset
1464 1858 1714 1906 faciendum,
1748 1860 1795 1898 ut
1826 1858 1865 1897 in

334 1929 496 1982 aliquos
535 1943 638 1971 usus
677 1930 911 1971 testimonii
950 1930 1142 1970 ueritatis
1183 1942 1260 1970 non
1302 1929 1556 1971 occidantur.
1601 1929 1644 1969 1(1
1684 1930 1747 1969 est
1786 1942 1863 1970 non

335 2005 635 2042 consumantur
661 2014 792 2054 neque
821 2001 1127 2042 obliuiseantur
1153 2001 1258 2054 legis
1288 2000 1366 2051 dei.
1402 2001 1599 2042 continuo
1629 2000 1863 2042 subiunxit:

457 2163 476 2195 ‘2
503 2163 561 2196 Ps.
589 2163 645 2205 58,
677 2163 717 2197 1‘2
797 2165 837 2197 19
867 2162 952 2197 Gen.
980 2164 1012 2204 4.
1044 2164 1084 2198 15

385 2247 400 2279 1
430 2246 549 2280 LVIII
575 2246 690 2280 PGK
738 2247 758 2279 2
787 2248 927 2280 dicente
955 2248 1013 2290 ne}
1044 2246 1142 2280 dictu
1170 2250 1187 2280 ῑ1
1223 2246 1255 2280 V
1302 2247 1322 2280 ἵ)
1350 2247 1385 2279 111
1414 2257 1456 2279 m.
1486 2248 1510 2280 2
1537 2246 1603 2279 del.
1631 2246 1666 2279 P
1739 2257 1860 2290 super—

334 2305 493 2339 stitionis
520 2305 597 2339 HP
622 2317 679 2340 im„
709 2308 733 2339 2
760 2306 1093 2350 superstitionibus)
1124 2306 1155 2340 G
1185 2318 1243 2341 sm.
1272 2308 1297 2339 2
1322 2306 1613 2349 superstitione-s)
1733 2307 1752 2339 6
1782 2316 1859 2338 een-

333 2377 451 2398 suram
482 2365 522 2398 H
616 2369 738 2398 uetere
765 2366 885 2399 MAG
984 2377 1042 2399 eas
1068 2366 1104 2399 A
1192 2366 1208 2398 Τ
1237 2366 1495 2408 testimoniam,
1524 2376 1566 2398 m.
1594 2367 1613 2398 1
1639 2375 1727 2399 corr.
1754 2365 1858 2398 testi-

331 2424 491 2457 111011111111
518 2423 560 2456 H
644 2424 726 2457 orbi·
754 2427 811 2466 (fv
840 2427 947 2466 erus.)
976 2426 1011 2459 A
1073 2425 1092 2458 8
1120 2424 1219 2458 nullo
1249 2428 1283 2463 (0
1309 2424 1349 2457 in
1376 2426 1464 2467 ras.)
1490 2424 1567 2457 ΗΡ
1645 2423 1858 2457 eui‹lentiori

331 2483 409 2517 ΗΡ
488 2484 530 2517 12
558 2484 805 2527 praepollebat
833 2484 868 2517 ‹b
896 2490 990 2527 exp.)
1026 2483 1057 2516 V
1138 2485 1179 2517 13
1207 2487 1394 2527 putaretur
1420 2499 1452 2515 **
1479 2486 1585 2526 (post.
1615 2483 1636 2516 Z.
1655 2483 1736 2526 *fuit
1763 2484 1791 2525 s)
1819 2482 1862 2515 H

333 2544 375 2577 15
402 2554 466 2577 nee
493 2544 606 2588 ipsius
639 2543 672 2576 V
746 2544 787 2576 17
816 2544 845 2577 si
872 2543 975 2588 ritus]
1004 2543 1161 2588 spiritus.
1190 2554 1232 2578 m.
1263 2545 1287 2576 2
1315 2543 1351 2576 ιή
1379 2554 1489 2587 mara.
1519 2543 1633 2576 rritus
1655 2544 1689 2576 A
1769 2553 1854 2586 gen-

330 2603 447 2636 tilium
476 2603 554 2636 edd.
576 2606 725 2646 praeter
752 2614 772 2635 a
873 2603 1006 2646 eolege.
1034 2614 1078 2636 m.
1107 2605 1124 2635 1
1150 2613 1243 2637 corr.
1270 2603 1383 2636 colere
1403 2602 1451 2635 M
1547 2602 1797 2646 qualicumque
1817 2602 1859 2635 H

332 2662 373 2695 18
406 2662 591 2705 religionis
624 2673 707 2695 suae
741 2662 820 2695 edd.
922 2663 963 2696 19
998 2661 1224 2706 quod—eum
1258 2672 1338 2705 om„
1371 2662 1412 2695 Γἰη.
1445 2673 1558 2706 ηιαιῃ.
1590 2673 1634 2694 m.
1662 2664 1680 2694 1
1707 2662 1791 2695 add.
1825 2661 1853 2694 V

328 2721 373 2754 522
402 2721 496 2764 quod
522 2722 556 2754 A
643 2722 687 2755 ‘23
714 2732 791 2756 usu.
819 2733 860 2755 m.
892 2724 916 2755 2
942 2733 1025 2755 usus
1058 2721 1090 2755 G
1187 2722 1274 2765 non]
1303 2733 1346 2755 ne
1376 2721 1409 2755 G
1490 2721 1534 2754 ‘24
1562 2724 1853 2755 consummantur

327 2780 442 2813 HAG
469 2782 527 2823 (m.
555 2782 580 2814 ‘2
606 2783 910 2821 consummentum
1046 2782 1176 2825 neque]
1206 2791 1248 2814 ne
1277 2780 1416 2825 quando
1451 2780 1483 2814 V
1603 2780 1675 2824 dei]
1704 2786 1764 2825 tue
1790 2780 1853 2814 sed

328 2850 403 2882 exp.
432 2843 464 2873 et
489 2850 602 2883 supra
631 2851 674 2873 m.
702 2842 720 2873 1
747 2839 831 2873 add.
860 2839 894 2873 (11
928 2839 961 2873 V
