1952 3118
630 114 741 158 epis
758 113 936 147 tularu
953 124 985 146 m
1025 111 1165 148 CLVII.
1574 115 1661 155 465

132 244 414 286 dominetur
446 243 566 284 mihi
601 243 757 285 omnis
793 242 1059 295 iniquitas:
1095 255 1117 283 a
1150 242 1350 284 domino
1385 242 1493 283 enim
1528 255 1660 297 gres-

135 329 217 357 sus
245 315 460 356 hominis
488 314 778 368 diriguntur
805 318 852 354 et
879 314 1010 354 iiiam
1040 313 1147 354 eius
1175 313 1314 355 uolet
1341 316 1382 355 et
1402 314 1484 355 alia
1509 315 1662 365 multa,

132 399 236 440 quae
268 389 487 440 propterea
519 385 675 438 scripta
707 387 819 433 sunt,
853 388 900 425 ut
938 397 1012 425 nos
1058 384 1329 426 admonerent
1367 385 1417 426 ad
1449 385 1661 438 implenda

131 471 191 506 ea,
230 470 334 510 quae
368 457 488 498 nobis
520 456 730 504 iubentur,
771 455 820 496 ab
853 455 925 496 illo
960 455 1185 509 petendum
1221 455 1488 507 adiutorium,
1522 470 1545 498 a
1577 470 1662 510 quo

130 529 338 578 iubentur,
384 540 480 569 cum
520 540 616 582 ergo
657 540 701 568 se
740 527 864 567 homo
905 526 955 567 ad
993 527 1115 567 illum
1156 526 1386 568 extenderit
1424 529 1466 568 et
1504 528 1564 569 sie
1602 528 1660 569 in-

131 599 350 651 gemuerit,
397 599 482 648 fiet,
529 597 640 652 quod
685 597 898 650 sequitur:
945 597 1037 639 Ubi
1083 597 1360 638 abundauit
1403 597 1662 648 delictum,

131 669 567 724 sapei-abundauit
623 668 786 723 gratia
843 670 901 709 et:
960 668 1302 709 Dimittuntur
1352 669 1393 709 ei
1449 677 1659 721 peccata

132 741 300 791 multa,
341 740 570 793 quoniam
611 740 790 781 dilexit
828 738 1053 790 multum,
1095 740 1135 779 et
1173 738 1422 780 diffunditur
1459 739 1500 780 in
1535 740 1658 781 corde

131 812 280 853 caritas
310 811 389 860 dei,
422 811 532 852 unde
561 811 633 852 fiat
658 811 788 865 legis
823 810 1104 863 plenitudo,
1138 822 1218 851 non
1246 822 1319 862 per
1344 809 1457 852 uires
1486 811 1663 861 arbitrii,

133 882 244 936 quod
277 885 342 923 est
373 882 414 923 in
446 882 582 931 nobis,
616 882 690 923 sed
721 894 806 934 per
839 881 1074 934 spiritum
1114 882 1357 930 sanetum,
1398 881 1481 934 qui
1514 881 1661 923 datus

131 956 208 995 est
246 953 399 994 nobis.
440 954 614 994 nouerat
653 951 807 1006 quippe
841 952 911 992 ille
949 952 1102 1006 legem,
1145 951 1214 1004 qui
1255 951 1439 992 dicebat:
1481 951 1662 993 Conde-

79 1062 86 1070 ,
130 1025 292 1066 lector
332 1024 458 1065 enini
498 1023 602 1077 legi
641 1023 715 1064 dei
757 1022 1026 1064 seeundum
1066 1022 1356 1063 interiorem
1397 1022 1660 1072 hominem,

132 1100 173 1137 et
204 1098 343 1136 tamen
379 1094 653 1148 adiungebat:
687 1094 842 1135 Video
877 1096 1043 1135 autem
1078 1094 1225 1134 aliam
1258 1094 1419 1148 legem
1447 1094 1492 1135 in
1520 1107 1660 1135 mem-

131 1167 234 1208 bris
268 1166 389 1207 meis
424 1168 788 1220 repugnantem
821 1165 923 1220 legi
955 1165 1138 1206 mentis
1166 1178 1300 1222 meae
1327 1168 1375 1207 et
1401 1165 1661 1219 captiuum

131 1251 203 1280 me
242 1237 506 1278 ducentem
545 1237 591 1277 in
634 1237 750 1290 lege
795 1237 1005 1289 peccati,
1053 1249 1175 1289 quae
1221 1238 1297 1277 est
1334 1236 1380 1276 in
1425 1236 1662 1277 membris

132 1309 268 1350 meis.
302 1308 479 1349 infelix
514 1321 602 1362 ego
636 1308 792 1356 homo,
833 1308 944 1361 quis
977 1320 1049 1348 me
1089 1307 1329 1348 liberabit
1368 1306 1423 1348 de
1458 1320 1662 1361 corpore

134 1380 308 1421 mortis
337 1379 518 1420 huius?
547 1379 709 1433 gratia
737 1379 813 1419 dei
840 1379 1108 1432 perIesum
1132 1378 1387 1420 Christum
1410 1378 1661 1419 dominum

134 1455 369 1492 nostrum.
417 1464 489 1492 cur
534 1463 611 1492 non
658 1451 800 1504 potius
847 1450 950 1491 dixit
989 1454 1141 1490 ‘meum
1187 1449 1367 1491 liberum
1413 1449 1661 1501 arbitrium'‚

134 1522 215 1562 nisi
254 1523 350 1575 quia
388 1522 559 1563 libertas
600 1522 686 1562 sine
727 1522 792 1562 dei
832 1521 965 1575 gratia
1003 1533 1081 1562 non
1122 1523 1186 1562 est
1230 1521 1403 1562 libertas
1450 1520 1524 1561 sed
1569 1533 1662 1561 eon-

136 1593 346 1634 tuinaeia?

197 1663 301 1706 Cum
335 1676 432 1717 ergo
468 1664 642 1705 dixisset
667 1663 910 1717 apostolus:
943 1663 1036 1704 Lex
1071 1662 1396 1711 subintrauit,
1431 1664 1485 1703 ut
1517 1661 1660 1702 abun-

136 1735 273 1776 daret
302 1734 565 1779 delictum:
600 1734 685 1775 ubi
713 1737 876 1775 autem
905 1734 1183 1775 abundauit
1211 1733 1466 1783 delictum,
1496 1745 1662 1786 super-

136 1806 411 1847 abundauit
444 1805 619 1860 gratia,
654 1809 826 1847 secutus
856 1805 1068 1846 adiunxit:
1096 1805 1173 1853 Ut,
1203 1817 1343 1857 quem
1378 1804 1434 1845 ad
1467 1803 1661 1844 modum

135 1877 365 1933 regnauit
401 1879 657 1931 peecatum
693 1877 739 1918 in
773 1879 943 1925 morter
988 1876 1060 1917 sio
1093 1878 1141 1916 et
1175 1875 1338 1929 gratia
1376 1876 1548 1928 regnet
1581 1887 1665 1927 pei·

97 1949 389 1990 -iustitiam
442 1948 487 1989 in
539 1947 694 1988 uitam
751 1950 1005 1989 aeternam
1056 1960 1142 2000 pei·
1191 1947 1355 1987 Iesum
1408 1945 1661 1988 Christum

258 2088 270 2121 1
306 2087 363 2121 Ps.
398 2087 453 2122 36.
487 2087 548 2123 ‘2:32
583 2087 688 2120 Prou.
722 2087 778 2123 20.
812 2088 856 2120 24
978 2086 998 2119 6
1031 2087 1131 2121 Rom.
1166 2087 1197 2128 5,
1231 2085 1276 2119 2⁴)
1400 2086 1418 2118 7
1445 2085 1530 2118 Luc.
1558 2085 1589 2120 7.
1617 2084 1661 2117 47

137 2148 157 2181 9
184 2147 283 2181 Rom.
313 2147 366 2189 13,
397 2147 454 2187 10;
484 2148 515 2189 ἴ»,
543 2148 563 2179 5
641 2147 678 2180 11
708 2147 808 2181 Rom.
838 2147 868 2188 7,
894 2145 1035 2179 22-25
1110 2146 1151 2178 21
1182 2145 1280 2178 Rom.
1309 2146 1341 2187 5,
1369 2144 1506 2178 20-‘21

187 2229 202 2262 1
230 2229 299 2262 mei
331 2228 363 2262 T
386 2228 464 2262 edd.
490 2239 556 2264 see.
581 2239 676 2262 sacr.
705 2228 772 2262 litt.
853 2227 1033 2261 iniustitia
1063 2227 1092 2262 O
1116 2238 1182 2261 sec.
1217 2227 1319 2271 Vulq.
1382 2227 1402 2260 2
1431 2226 1607 2270 dirigetur
1634 2225 1667 2258 l'

138 2289 158 2323 3
185 2288 409 2322 adinoneriiit
435 2288 470 2321 1²
553 2288 573 2321 6
600 2287 677 2321 met
709 2289 738 2318 (Ι
836 2286 1005 2320 delictum
1032 2297 1111 2323 om..
1139 2286 1179 2320 in
1206 2297 1316 2331 marry.
1343 2297 1387 2321 m.
1415 2286 1489 2328 fere
1516 2284 1666 2329 uersiculi

139 2347 268 2382 litteris
292 2347 459 2381 „amicitis
486 2346 572 2381 add.
600 2352 748 2391 peccatu
780 2346 812 2378 I’
931 2346 949 2379 7
978 2344 1287 2390 superabundabit
1317 2344 1347 2378 (J
1465 2343 1598 2387 gratia}
1628 2350 1663 2376 et

139 2407 256 2451 gratia
294 2407 324 2440 T
352 2405 430 2441 edel.
553 2409 573 2435 Η
605 2406 640 2439 iii
675 2405 794 2448 cor-le]
829 2404 912 2438 inde
940 2404 973 2437 Ρ
1094 2404 1137 2439 10
1170 2415 1232 2449 per
1263 2415 1343 2443 οηι.,
1379 2415 1420 2436 m.
1457 2406 1482 2435 ,2
1514 2401 1599 2435 add.
1627 2401 1662 2434 J,-

143 2467 181 2500 11
210 2466 288 2510 lege
315 2466 349 2499 1¹
414 2465 454 2499 12
480 2465 561 2507 lege
588 2465 622 2498 Ρ
684 2465 725 2498 123
753 2463 1000 2508 adiunge-bant
1028 2472 1064 2502 (n
1093 2467 1178 2498 (inte
1204 2467 1219 2497 t
1245 2466 1337 2507 exp.)
1368 2462 1397 2497 O
1450 2462 1491 2495 14
1520 2460 1610 2503 legis
1636 2459 1667 2492 l'

143 2525 185 2558 15
211 2525 289 2569 lege
315 2528 372 2568 (κ
400 2536 444 2560 m.
466 2527 484 2557 1
505 2523 536 2565 2,
571 2523 601 2557 T
675 2524 716 2557 16
743 2534 808 2567 ego
835 2534 902 2556 om.
933 2524 994 2558 (Ὁ
1091 2523 1260 2557 liberauit
1290 2522 1319 2554 (J
1343 2525 1400 2563 (m.
1431 2524 1454 2554 :3
1479 2519 1662 2554 liberabit:

146 2583 210 2617 01²
283 2584 325 2618 la
352 2583 441 2617 dixit
468 2583 586 2628 potius
612 2582 691 2618 edd.
790 2583 921 2626 meum}
948 2593 1009 2626 pei·
1036 2593 1152 2616 meum
1186 2582 1358 2625 Tslrm
1442 2580 1484 2614 19
1513 2578 1568 2612 dei
1596 2588 1664 2611 om.

143 2642 213 2676 PT
236 2642 314 2677 edd.
388 2643 432 2676 23
459 2642 590 2686 gratia}
619 2646 655 2675 et
681 2641 799 2685 gratia
830 2641 862 2674 Τ
885 2640 964 2674 edd.
1063 2641 1117 2685 iit}
1147 2645 1182 2675 ct
1215 2641 1253 2674 T
1324 2640 1367 2673 ‘24
1395 2640 1429 2672 in
1457 2643 1607 2671 mortem
1639 2636 1667 2666 (¹

142 2701 186 2735 25
212 2702 248 2736 in
275 2703 351 2735 uita
378 2704 523 2735 aeta—rna
556 2700 587 2734 T
609 2700 688 2734 edd.

179 2785 345 2810 xxxxiiii
367 2786 441 2816 Aug.
466 2789 534 2808 -ι-ςι.
554 2784 581 2808 11
603 2791 670 2814 pars
691 2786 715 2807 ις.
1573 2766 1618 2799 30
