1952 3118
51 995 84 1020 10

53 1349 85 1375 15

49 1704 83 1730 20

475 208 713 253 epistula
727 220 743 243 r
757 219 778 243 u
793 219 825 242 m
866 207 1020 243 CLXXI.
1062 207 1203 243 CLXXI
1231 208 1271 242 A.
1557 210 1641 250 633

110 338 313 381 initium
348 337 457 380 enim
499 337 782 391 sapientiae
821 337 974 379 timor
1013 337 1213 388 domini,
1247 337 1318 380 ubi
1358 337 1564 392 frangitur
1602 342 1642 379 et

110 409 356 451 debilitatur
392 409 573 451 humana
611 408 823 462 superbia.
862 408 1011 450 deinde
1050 410 1099 450 ut
1130 409 1287 462 pietate
1320 411 1568 451 mansuetus
1602 413 1641 450 et

108 480 241 531 mitis,
274 480 401 522 etiam
428 492 534 534 quae
561 479 745 521 nondum
774 479 985 534 intellegis
1013 482 1055 521 et
1087 492 1192 534 quae
1223 479 1413 533 inperitis
1446 479 1644 521 uidentur

110 550 291 592 absurda
322 550 487 604 sibique
521 549 728 592 contraria
760 549 800 590 in
834 550 1054 604 scripturis
1088 550 1260 599 sanctis,
1299 563 1380 592 non
1414 550 1641 592 oblucteris

111 622 299 663 animosa
338 621 601 663 contentione
641 633 717 662 nec
751 620 1054 674 superinponas
1088 633 1259 662 sensum
1292 625 1413 662 tuum
1448 621 1641 663 sensibus

110 692 347 734 diuinorum
374 692 593 743 librorum,
627 691 701 733 sed
734 691 857 733 cedas
891 692 1033 746 potius
1067 694 1192 745 atque
1226 691 1493 734 intellectum
1525 692 1642 734 mitis

110 763 289 812 differas,
329 776 454 817 quam
493 764 701 804 secretum
743 762 905 803 inmitis
945 774 1132 804 accuses.
1170 762 1311 812 tertio,
1350 774 1447 804 cum
1479 762 1559 804 tibi
1592 763 1642 804 ad

110 834 394 889 cognitionem
433 833 496 875 tui
536 833 686 887 aperiri
719 834 903 887 coeperit
934 833 1155 875 infirmitas
1188 833 1371 875 humana
1403 836 1446 875 et
1479 833 1641 876 scieris.

109 904 182 946 ubi
209 904 362 955 iaceas,
397 917 521 958 quam
547 904 740 957 poenalia
766 904 935 946 uincula
961 903 1233 946 mortalitatis
1260 903 1310 946 de
1336 904 1470 945 Adam
1496 917 1643 959 propa-

109 979 232 1029 gatus
277 978 418 1017 tecum
464 975 604 1017 trahas
650 977 693 1016 et
736 987 861 1028 quam
903 974 1028 1029 longe
1073 974 1350 1029 peregrineris
1395 988 1419 1016 a
1458 974 1642 1024 domino,

111 1049 235 1099 atque
262 1046 496 1100 peruideris
530 1045 677 1087 aliam
710 1045 871 1099 legem
904 1045 951 1086 in
983 1045 1218 1087 membris
1252 1045 1337 1087 tuis
1370 1058 1642 1101 repugnan-

110 1120 207 1158 tem
234 1117 335 1172 legi
363 1116 546 1158 mentis
579 1119 677 1157 tuae
712 1118 759 1158 et
791 1115 1048 1169 captiuum
1082 1118 1123 1157 te
1156 1115 1418 1158 ducentem
1451 1116 1499 1157 in
1531 1117 1642 1172 lege

111 1188 324 1240 peccati,
358 1201 482 1241 quae
516 1189 593 1229 est
623 1187 670 1228 in
704 1187 937 1228 membris
970 1187 1071 1237 tuis,
1105 1187 1333 1229 exclames:
1365 1187 1522 1229 Miser
1553 1199 1641 1242 ego

112 1258 277 1300 homo!
324 1258 437 1312 quis
482 1271 554 1300 me
599 1257 844 1300 liberabit
888 1257 944 1299 de
990 1270 1195 1311 corpore
1239 1257 1415 1300 mortis
1462 1258 1640 1299 huius?

112 1330 160 1369 ut
185 1331 226 1370 te
253 1329 470 1383 lugentem
498 1329 738 1370 consoletur
761 1328 1051 1370 liberationem
1076 1328 1212 1382 ipsam
1246 1328 1448 1383 pollicens
1480 1329 1642 1383 gratia

112 1399 189 1440 dei
216 1411 301 1453 per
335 1399 584 1441 dominum
619 1402 843 1441 nostrum
876 1399 1040 1440 Iesum
1075 1398 1347 1442 Christum.
1381 1402 1528 1453 quarto
1555 1399 1638 1441 iam

111 1469 301 1512 desidera
323 1470 496 1524 implere
522 1470 732 1512 iustitiam
757 1471 892 1513 multo
920 1470 1214 1512 uehementius
1241 1473 1366 1525 atque
1392 1470 1642 1521 feruenffius,

111 1554 236 1595 quam
282 1554 302 1583 a
348 1541 621 1595 nequissimis
666 1541 907 1583 hominibus
952 1543 1198 1596 uoluptates
1242 1542 1377 1583 carnis
1417 1541 1642 1584 desiderari

110 1613 260 1662 solent,
300 1612 381 1654 nisi
421 1612 532 1666 quod
572 1613 613 1654 in
654 1625 728 1666 spe
768 1613 966 1655 adiutorii
999 1613 1131 1655 diuini
1165 1615 1230 1654 est
1262 1613 1302 1654 in
1334 1612 1417 1654 isto
1449 1613 1640 1667 appetitu

108 1683 364 1737 tranquillus
409 1683 530 1726 ardor
575 1687 615 1725 et
659 1684 827 1726 flamma
871 1684 1069 1726 securior.
1110 1683 1151 1725 in
1189 1684 1273 1726 isto
1312 1686 1454 1726 autem
1493 1687 1641 1737 quarto

107 1754 221 1795 uitae
261 1754 391 1809 gradu
432 1755 691 1797 orationibus
730 1755 935 1797 instanter
965 1755 1235 1805 incumbitur,
1276 1757 1324 1796 ut
1356 1754 1640 1796 esurientibus

110 1827 151 1864 et
194 1824 436 1867 sitientibus
482 1825 681 1867 saturitas
732 1825 922 1867 iustitiae
969 1825 1234 1875 concedatur,
1286 1828 1334 1867 ut
1376 1838 1457 1868 non
1502 1825 1639 1868 solum

110 1908 328 1937 onerosum
362 1909 442 1938 non
475 1896 545 1947 sit,
577 1909 726 1938 uerum
759 1896 886 1938 etiam
920 1896 1100 1938 delectet
1126 1896 1333 1939 abstinere
1366 1910 1389 1938 a
1420 1897 1640 1951 uoluptate

229 2023 244 2057 1
274 2023 331 2057 Ps.
363 2024 439 2064 110,
468 2023 528 2064 10;
554 2023 660 2058 Prou.
689 2024 718 2064 1,
747 2025 767 2058 7
844 2024 886 2059 10
913 2022 949 2058 ΙΙ
976 2023 1054 2059 Cor.
1083 2026 1115 2066 5,
1142 2024 1162 2058 6
1241 2024 1280 2059 11
1310 2024 1410 2059 Rom.
1438 2025 1470 2067 7,
1496 2023 1639 2058 23-27»

108 2081 149 2115 21
179 2081 311 2116 Matth.
338 2094 371 2126 ›‚
397 2083 418 2116 6

155 2165 175 2198 2
203 2163 348 2209 deinde]
378 2163 532 2209 denique
560 2166 593 2198 A
656 2165 676 2198 :3
704 2164 874 2199 uidentur
899 2165 949 2208 (ui
975 2175 1084 2209 super
1108 2173 1182 2199 ras.
1210 2167 1304 2199 1—2
1330 2165 1369 2206 l.)
1396 2165 1445 2199 Ρ1
1506 2168 1527 2199 8
1555 2176 1637 2210 ape-

108 2223 175 2256 rire
202 2224 234 2256 A
335 2224 435 2257 sciris
462 2224 498 2258 P
568 2225 589 2258 9
617 2224 737 2261 iacias.
764 2235 809 2258 m.
836 2226 855 2257 1
880 2235 971 2258 corr.
999 2224 1116 2259 iaceas
1142 2224 1179 2258 P
1255 2224 1397 2269 poenali
1424 2223 1473 2258 Ρι
1546 2235 1639 2258 mor·

106 2281 263 2315 talitatis
290 2281 446 2316 humana
473 2281 516 2316 de
543 2283 646 2316 adam
667 2282 713 2316 P¹
769 2282 1070 2327 lo-peregrineris
1096 2284 1131 2326 (n
1157 2282 1198 2316 in
1224 2286 1314 2325 ras.)
1335 2282 1384 2316 P¹
1437 2283 1475 2317 11
1502 2282 1638 2328 pllls'sui-

108 2339 201 2375 deris
222 2340 269 2374 P¹
323 2341 365 2375 12
390 2341 605 2386 legementis
625 2342 659 2376 A
714 2342 755 2375 13
783 2341 961 2379 exclamis,
986 2351 1103 2385 supra
1128 2352 1173 2376 m.
1196 2343 1221 2375 2
1247 2341 1421 2376 exclames
1442 2341 1476 2375 A
1551 2352 1635 2386 ergo

107 2403 140 2440 (r
164 2411 208 2435 m.
227 2401 394 2444 sortasse
420 2403 440 2434 1
468 2402 562 2444 exp.)
588 2400 624 2434 P
720 2401 763 2434 14
790 2400 961 2434 liberauit
985 2401 1021 2435 A
1131 2399 1237 2434 huius
1265 2400 1329 2443 bis,
1358 2400 1513 2434 alterum
1540 2411 1582 2434 m.
1612 2406 1636 2433 2

107 2458 174 2493 del.
202 2459 238 2493 P
310 2460 353 2493 15
381 2460 588 2494 consuletur
616 2459 646 2493 C
719 2459 761 2493 16
788 2470 851 2504 per
875 2459 987 2493 iesum
1015 2458 1185 2493 christum
1214 2458 1397 2493 dominum
1424 2463 1583 2493 nostrum
1610 2459 1641 2492 l’

105 2529 137 2552 m
164 2530 229 2553 sec.
264 2519 365 2563 Vuly.
466 2519 536 2553 iam
563 2529 643 2563 om,
668 2530 694 2553 s.
721 2530 756 2553 u.
783 2530 827 2552 m.
850 2521 875 2553 2
902 2517 987 2552 add.
1009 2519 1043 2553 A
1120 2519 1162 2553 17
1189 2518 1393 2553 desiderare
1420 2518 1453 2552 A
1482 2518 1635 2553 Haussl.

108 2576 272 2611 desidera
297 2581 334 2611 te
359 2589 393 2611 m
493 2578 535 2611 18
563 2589 582 2612 a
607 2588 680 2612 ras.
708 2581 740 2612 et
766 2587 855 2611 corr.
881 2588 927 2611 m.
954 2579 980 2611 2
1006 2577 1235 2612 antecedente
1259 2587 1333 2611 ras.
1361 2579 1460 2610 2-3
1486 2577 1521 2616 l..
1547 2587 1638 2620 qun-

106 2646 187 2670 rum
210 2641 326 2680 postr.
345 2636 426 2680 suit
452 2648 485 2670 ni
512 2637 546 2670 A
663 2636 877 2678 desiderare,
903 2647 949 2672 m.
977 2638 1003 2670 2
1027 2635 1223 2671 desiderari
1248 2636 1321 2670 ΑΡ
1440 2636 1483 2669 19
1509 2635 1638 2671 solent.

107 2705 180 2728 ras.
207 2699 239 2729 et
265 2706 355 2730 corr.
381 2707 426 2729 m.
454 2698 480 2729 2
505 2694 598 2730 solet
623 2697 658 2730 A
685 2696 777 2729 solet
804 2695 853 2730 Ρ·
953 2696 1128 2740 appetito,
1153 2706 1268 2739 supra
1294 2706 1339 2729 m.
1368 2696 1393 2728 2
1420 2694 1583 2740 appetitu
1604 2695 1635 2727 A

108 2753 292 2798 adpetitur
316 2756 347 2796 (r
371 2765 415 2788 m.
445 2755 470 2788 2
495 2754 579 2797 del.)
600 2753 635 2788 P
658 2754 842 2799 appetitur
859 2753 907 2788 1²1
974 2753 1020 2788 20
1047 2753 1165 2798 ardor}
1194 2764 1292 2788 arnor
1312 2752 1397 2787 AP1
1464 2753 1509 2786 23
1530 2753 1637 2787 etiam

108 2811 278 2856 delectet}
309 2813 375 2846 iam
404 2811 526 2847 debite
552 2812 601 2847 Ρι
