1924 3122
113 1503 166 1544 10

193 239 275 280 134
664 238 697 273 S
738 237 917 272 Aureli
958 238 1246 282 Augustini

191 368 293 408 haec
327 369 451 420 atque
483 367 609 408 huius
643 367 757 409 modi
790 368 918 408 uerba
953 368 1277 409 obtrectantium
1319 368 1407 409 siue
1446 381 1526 409 non
1560 369 1717 410 obtrec-

190 438 316 479 tando
346 437 418 479 sed
447 439 680 491 quaerendo
707 439 807 479 talia
834 439 1097 492 loquentium
1126 440 1341 493 operosius
1362 440 1541 481 fortasse
1560 440 1721 481 refelle-

191 523 291 552 rem.
326 510 406 550 11131
445 510 546 551 haec
586 509 914 563 disceptationes
948 510 1199 552 haberentur
1231 524 1325 551 cum
1359 511 1461 551 uiris
1494 511 1723 552 liberaliter

190 581 414 622 institutis.
456 581 563 622 unde
604 581 703 634 quid
743 595 847 635 opus
889 584 965 631 est,
999 584 1046 622 ut
1086 581 1244 622 diutius
1283 582 1523 624 laboremus
1564 595 1608 623 ac
1642 595 1721 623 non

191 651 306 705 ipsos
341 652 482 704 potius
517 656 824 705 percontemur,
854 665 933 705 quo
962 652 1084 693 modo
1112 655 1304 705 poteraut
1337 653 1568 706 gubernare
1601 655 1724 705 atque
1767 668 1783 692 5

193 716 346 776 augere
373 736 461 779 19111
489 724 717 777 publicam,
747 737 872 776 quam
901 737 948 764 ex
973 737 1101 776 parua
1129 726 1168 764 et
1194 724 1309 777 inopi
1334 737 1529 778 magnam
1557 726 1724 778 opulen-

192 799 365 847 tamque
401 795 602 836 fecerunt.
633 795 702 847 qui
736 797 921 848 ‘accepta
952 795 1101 835 iniuria
1133 795 1351 848 ignoscere
1380 808 1503 847 quam
1530 796 1727 849 persequi

194 865 449 907 malebant'?
484 880 563 919 quo
598 866 721 908 modo
751 866 931 915 Caesari,
961 866 1106 919 utique
1140 866 1471 908 administratori
1502 867 1559 908 rei
1592 866 1728 920 publi-

195 949 280 987 cae,
314 950 450 978 mores
486 937 576 977 eius
611 937 812 978 extollens
849 936 991 978 Cicero
1027 937 1206 986 dicebat,
1241 937 1352 990 quod
1390 937 1496 978 nihil
1535 928 1730 978 obliuisci

195 1008 349 1049 soleret
380 1008 461 1049 nisi
494 1008 696 1049 iniurias?
732 1008 897 1049 (licebat
932 1008 1042 1049 enim
1076 1008 1154 1049 hoc
1193 1011 1279 1049 tam
1319 1021 1499 1062 magnus
1538 1009 1731 1049 laudator
1757 1023 1787 1048 ιο

196 1082 269 1120 aut
307 1081 394 1120 tam
434 1092 612 1133 maguus
652 1080 860 1127 adul-aton
903 1079 975 1121 sed
1021 1079 1055 1120 31
1098 1080 1301 1130 laudator.
1341 1081 1469 1120 talem
1510 1079 1731 1121 Caesarem

195 1154 382 1202 nouerat,
428 1151 462 1191 si
515 1153 655 1191 autem
709 1151 913 1201 adulator,
960 1151 1089 1191 talem
1143 1164 1234 1192 esse
1286 1151 1434 1192 debere
1487 1150 1734 1191 ostendebat

196 1222 428 1276 principem
471 1222 673 1271 ciuitatis,
709 1223 875 1275 qualem
908 1222 1030 1263 illum
1069 1222 1277 1263 fallaciter
1313 1222 1591 1276 praedicabat.
1635 1221 1735 1274 quid

198 1296 262 1335 est
301 1296 441 1335 autem
482 1306 560 1335 11011
601 1294 771 1334 reddere
817 1293 976 1334 malum
1020 1306 1093 1347 pro
1139 1294 1249 1334 malo
1295 1293 1376 1334 11131
1422 1293 1639 1334 abliorrere
1685 1292 1734 1333 ab

196 1365 430 1406 ulciscendi
468 1365 654 1407 libidine.
696 1365 807 1417 quod
848 1367 911 1406 est
952 1367 1123 1418 accepta
1161 1365 1311 1405 iniuria
1349 1365 1565 1418 ignoscere
1609 1364 1735 1405 malle
1764 1378 1796 1403 15

199 1449 322 1488 quam
356 1437 551 1489 persequi
587 1439 626 1477 et
661 1437 763 1478 nibil
796 1436 878 1477 nisi
910 1437 1084 1477 iniurias
1120 1436 1344 1478 obliuisci?

260 1508 373 1549 Haec
422 1521 516 1549 cum
562 1508 602 1549 in
651 1521 795 1549 eorum
840 1508 1041 1562 leguntur
1086 1509 1343 1558 auctoribus,
1390 1508 1645 1549 exclamatur
1696 1508 1736 1547 et

195 1580 430 1632 plauditur:
477 1580 656 1621 describi
704 1583 828 1633 atque
875 1580 1103 1633 praedicari
1148 1593 1284 1620 mores
1331 1579 1541 1627 uidentur,
1583 1577 1736 1631 quibus

206 1651 379 1703 dignum
408 1658 520 1692 esset
550 1665 768 1706 exsurgere
797 1652 1029 1701 ciuitatem,
1053 1664 1158 1704 quae
1186 1654 1248 1692 tot
1276 1650 1474 1705 gentibus
1501 1650 1738 1702 imperaret,

208 1723 320 1775 quod
354 1725 525 1776 accepta
558 1723 708 1764 iniuria
734 1724 952 1777 ignoscere
982 1736 1105 1776 quam
1134 1723 1332 1776 persequi
1371 1721 1612 1763 malebant'.
1648 1733 1740 1761 cum
1767 1735 1800 1760 ρο

332 1897 351 1930 (ἱ
381 1896 465 1930 Sall.
494 1895 571 1931 Cat.
599 1897 655 1931 52.
685 1897 727 1930 19
852 1897 887 1937 T,
918 1896 960 1930 ,Ο
989 1896 1072 1930 Sall.
1101 1896 1179 1931 Cat.
1207 1897 1238 1932 9,
1267 1898 1286 1930 5
1422 1896 1441 1929 9
1471 1894 1542 1929 Cic.
1570 1905 1632 1939 pro
1660 1893 1738 1937 Lig.

214 1958 266 2000 12,
296 1957 339 1990 35

258 2076 273 2108 l
304 2074 526 2108 obtrectanti
553 2073 590 2107 D
687 2085 756 2107 11011
785 2083 865 2117 om,
892 2084 936 2107 m.
966 2075 988 2106 3
1023 2072 1108 2108 add.
1136 2072 1175 2105 H
1296 2072 1316 2105 ‘2
1344 2070 1537 2104 refellerim
1563 2069 1599 2104 R
1625 2069 1738 2114 repel-

202 2135 310 2168 lerem
339 2134 374 2167 P
459 2134 479 2167 3
507 2133 594 2178 hece
621 2133 655 2165 A
682 2132 761 2178 linge.
791 2143 879 2166 corr.
907 2133 974 2177 1199
1002 2132 1044 2166 H
1067 2132 1179 2165 haeae
1208 2131 1380 2172 (alterum
1408 2140 1448 2163 ae
1475 2132 1566 2173 exp.)
1593 2129 1627 2162 P
1651 2128 1739 2162 heae

202 2195 240 2229 D
270 2198 310 2227 ut
336 2193 402 2226 hee
434 2193 464 2227 C
487 2192 554 2226 1139
582 2192 664 2225 ΕΜ
691 2192 770 2226 edd.
853 2191 1117 2236 disputationes
1144 2190 1217 2225 ER
1246 2189 1501 2234 dispositiones
1528 2188 1562 2221 A
1614 2189 1633 2221 Γ)
1660 2198 1739 2232 per-

205 2256 414 2287 cunctemur
440 2252 488 2285 M
511 2254 568 2294 (m.
599 2256 623 2284 f.)
649 2254 912 2296 percontemur)
941 2251 1011 2284 ΑΡ
1035 2252 1284 2295 precontcmus
1311 2249 1337 2282 I
1475 2250 1582 2291 atque
1610 2257 1740 2291 augere

203 2323 272 2347 om.
302 2312 341 2346 D
464 2313 483 2346 6
513 2322 616 2353 egere
644 2311 670 2344 I
782 2322 894 2355 parua
921 2322 1001 2344 cum
1029 2321 1101 2344 ras.
1126 2320 1241 2353 supra
1266 2312 1381 2353 postr.
1411 2308 1433 2341 l.
1462 2307 1509 2340 M
1530 2317 1677 2352 paruam
1705 2305 1740 2340 R

256 2372 536 2415 opulentemque
562 2371 643 2404 MA
671 2370 988 2414 opulent÷amqu÷÷e
1016 2369 1103 2412 (fuit
1129 2369 1139 2401 i
1167 2371 1199 2402 et
1226 2369 1258 2411 3)
1284 2367 1319 2400 P
1457 2367 1474 2399 T
1505 2366 1577 2410 quil
1608 2365 1692 2410 quia
1717 2364 1743 2397 Ι

204 2432 225 2466 8
254 2430 450 2472 malebant,
480 2430 514 2463 in
543 2441 657 2473 vam-[1.
685 2429 858 2463 uolebant
883 2429 909 2462 I
1006 2427 1156 2462 cae-*sari
1183 2427 1271 2470 <fuit
1298 2429 1326 2469 s)
1353 2427 1416 2460 El
1511 2425 1740 2459 administra-

205 2490 275 2523 tori
304 2489 429 2533 utique
457 2488 535 2522 cdd.
557 2492 706 2532 praeter
734 2501 755 2521 ιι
856 2487 1112 2521 31111111111311311
1138 2487 1172 2520 A
1200 2485 1452 2519 administrare
1479 2484 1551 2519 ER
1639 2484 1659 2518 9
1688 2482 1740 2516 di-

207 2550 337 2583 cebant
367 2554 400 2587 (11
429 2549 537 2590 eras.)
564 2548 590 2581 ,Ῑ
640 2549 681 2581 lo
709 2547 849 2581 solebat
876 2548 902 2580 I
972 2546 1149 2589 laudatos,
1176 2557 1220 2579 m.
1248 2548 1266 2578 1
1293 2556 1382 2579 corr.
1410 2544 1488 2578 uid.
1514 2543 1682 2577 laudator
1701 2542 1744 2575 H

209 2610 248 2643 11
279 2619 454 2642 cessarem
482 2609 561 2652 (alt.
589 2619 604 2641 3
632 2616 739 2641 eras.)
762 2608 788 2640 I
837 2609 879 2641 14
909 2607 1113 2650 abhorrere]
1144 2606 1186 2639 ab
1215 2616 1330 2639 errore
1352 2605 1385 2638 A
1461 2604 1503 2638 ab
1530 2602 1738 2644 ulciscendi,

207 2668 269 2702 sed
297 2668 327 2701 ci
353 2678 396 2702 ea:
422 2678 511 2701 corr.
541 2678 583 2700 m.
619 2669 658 2700 1:
683 2666 765 2709 sni(
799 2678 817 2699 0
852 2670 918 2699 aut
951 2677 967 2699 9
994 2665 1042 2699 Μ
1070 2665 1113 2698 31)
1141 2676 1160 2698 3
1178 2664 1369 2698 duliscenti
1395 2663 1454 2707 (ad
1481 2673 1588 2702 eras.;
1617 2665 1702 2705 post
1727 2661 1739 2694 l

208 2739 235 2761 8.
262 2738 296 2760 u.
327 2738 343 2760 9
372 2725 475 2768 add.)
501 2726 540 2759 Ι)
566 2725 608 2758 ab
638 2724 868 2758 adulescendi
893 2724 929 2758 R
1054 2724 1095 2756 15
1122 2722 1309 2756 libidinem
1336 2722 1402 2755 DI
1544 2719 1629 2764 quid
1655 2719 1743 2753 DM

257 2785 349 2819 male
376 2784 412 2819 R
489 2786 530 2819 16
559 2783 724 2818 obliuisci
751 2783 898 2816 iniurias
925 2783 963 2816 D
1039 2782 1080 2815 155¹
1108 2781 1311 2826 praedicare
1339 2781 1410 2815 ER
1505 2780 1546 2813 19
1574 2778 1736 2823 dignum}

209 2844 378 2878 idoneum
406 2844 432 2877 I
527 2855 615 2886 esse,
643 2854 686 2876 m.
716 2844 740 2876 2
767 2844 861 2875 essct
888 2842 923 2875 P
