1952 3118
4 1016 95 1061 410

64 1393 95 1417 15

62 1749 95 1772 ‘20

601 253 952 298 epistularum
993 252 1165 289 CLXVII.
1568 256 1649 297 601

118 383 200 423 iam
247 395 342 424 eum
386 386 524 424 tamen
571 382 751 424 dicimus
797 386 1012 436 tamquam
1058 383 1107 423 de
1147 382 1415 424 abditissima
1454 383 1653 436 spelunca

119 452 399 506 egredientem
433 453 587 495 uicinia
617 453 726 495 lucis
761 453 949 494 afflatum
982 455 1099 495 tanto
1134 453 1283 508 magis,
1325 456 1480 506 quanto
1514 453 1650 507 magis

119 524 371 577 propinquat
405 525 608 579 egressui,
644 527 690 565 ut
721 524 842 573 illud,
877 524 988 577 quod
1020 525 1060 565 in
1095 537 1142 565 eo
1177 525 1304 574 lucet,
1339 525 1396 566 sit
1428 524 1575 577 utique
1607 537 1653 566 ex

118 595 291 644 lumine,
331 608 412 648 quo
452 595 730 650 progreditur,
768 595 876 636 illud
915 598 1069 639 autem.
1110 594 1221 647 quod
1255 595 1391 636 adhuc
1425 595 1651 636 obscurum

122 670 198 715 est,
227 667 282 707 sit
308 679 353 707 ex
380 666 578 715 tenebris,
613 666 721 707 unde
749 666 976 720 egreditur.
1011 666 1153 719 itaque
1181 668 1224 706 et
1250 678 1346 707 non
1375 666 1654 707 iustifica-

122 737 268 778 bitur
301 737 348 778 in
385 740 682 790 conspectu
710 737 775 778 dei
804 737 975 779 omnis
1010 737 1206 778 uiuens
1234 739 1275 778 et
1302 741 1441 778 tamen
1469 737 1653 778 iustus

121 822 175 849 ex
220 808 329 849 fide
374 809 529 850 uiuit.
575 811 617 850 et
659 809 797 850 induti
844 811 943 850 sunt
989 809 1122 850 sancti
1168 808 1335 849 iustitia
1373 808 1479 848 alius
1519 809 1654 862 magis

121 878 229 919 alius
257 879 395 919 minus
424 883 466 920 et
491 892 611 921 nemo
640 880 707 920 hic
735 879 846 920 uiuit
873 880 960 920 sine
989 881 1161 933 peccato
1191 881 1231 919 et
1264 879 1342 920 hoc
1378 879 1484 920 alius
1518 880 1654 933 magis

121 949 228 990 alius
263 949 420 993 minus:
456 950 640 1003 optimus
675 952 816 991 autem
851 952 929 999 est,
965 950 1035 1003 qui
1069 949 1307 990 minimum.

182 1019 262 1061 Sed
292 1020 392 1073 quid
419 1024 526 1075 ago?
552 1023 770 1074 tamquam
805 1021 977 1069 oblitus,
1013 1020 1081 1061 oui
1114 1020 1274 1073 loquar,
1308 1019 1470 1061 doctori
1503 1019 1654 1061 similis

119 1092 257 1131 factus
286 1104 393 1134 sum.
428 1105 523 1133 cum
551 1092 856 1145 proposuerim,
891 1091 991 1145 quid
1012 1092 1098 1132 ‘abs
1132 1094 1172 1132 te
1207 1091 1367 1132 discere
1402 1091 1545 1132 uelim.
1582 1092 1655 1132 sed

121 1161 215 1213 quia
238 1162 287 1202 de
308 1166 574 1215 peecatorum
598 1163 822 1215 parilitate,
851 1162 961 1204 unde
988 1163 1029 1204 in
1055 1162 1113 1211 id,
1143 1162 1255 1215 quod
1282 1162 1473 1216 agebam,
1504 1162 1653 1203 incidit

121 1233 325 1284 quaestio,
341 1233 657 1275 examinandam
675 1234 748 1275 tibi
767 1234 1017 1276 sententiam
1040 1246 1176 1274 meam
1196 1246 1387 1286 promere
1410 1235 1654 1276 statueram.

120 1305 202 1343 iam
246 1317 335 1345 eam
375 1304 544 1346 taudem
577 1305 803 1358 aliquando
839 1305 1099 1355 concludam,
1135 1304 1245 1357 quia,
1286 1304 1368 1345 etsi
1401 1317 1549 1345 uerum
1590 1308 1655 1345 est

120 1387 230 1416 eum.
265 1375 335 1427 qui
362 1375 490 1416 habet
515 1388 654 1422 unani,
689 1389 832 1417 omnes
858 1376 1010 1417 habere
1044 1375 1240 1425 uirtutes,
1275 1388 1386 1426 eum,
1423 1375 1495 1428 qui
1529 1388 1654 1416 unam

122 1459 199 1486 non
239 1445 377 1496 habet,
417 1447 575 1488 nullam
614 1447 779 1496 habere,
820 1460 895 1488 neo
934 1447 993 1488 sie
1032 1449 1205 1499 peccata
1239 1450 1338 1487 sunt
1375 1447 1502 1500 paria,
1543 1447 1655 1499 quia.

121 1517 191 1558 ubi
219 1517 356 1558 uirtus
387 1518 501 1559 nulla
535 1520 610 1566 est,
646 1518 750 1559 nihil
784 1518 953 1571 quidem
987 1521 1149 1559 reatum
1184 1520 1248 1558 est
1279 1531 1353 1559 neo
1388 1521 1527 1559 tamen
1560 1517 1654 1559 ideo

122 1601 201 1629 non
241 1592 306 1629 est
337 1602 465 1642 prauo
499 1590 670 1643 prauius
705 1589 967 1642 distortoque
1001 1589 1234 1630 distortius.
1276 1589 1310 1629 si
1345 1590 1500 1638 autem,
1542 1589 1651 1642 quod

120 1667 222 1711 puto
247 1672 339 1700 esse
360 1661 502 1701 uerius
525 1661 739 1713 sacrisque
760 1661 915 1702 litteris
935 1660 1250 1715 congruentius,
1279 1660 1339 1701 ita
1366 1662 1465 1701 sunt
1492 1659 1654 1701 animae

122 1730 373 1772 intentiones
401 1735 449 1772 ut
475 1732 660 1784 corporis
688 1732 888 1776 membra.
918 1744 996 1772 non
1026 1731 1137 1784 quod
1171 1731 1392 1772 uideantur
1423 1731 1543 1779 locis,
1579 1730 1651 1771 sed

122 1801 232 1853 quod
266 1803 501 1843 sentiantur
532 1802 753 1843 affectibus
788 1806 829 1843 et
861 1802 975 1843 aliud
1008 1802 1285 1843 inluminatur
1318 1801 1499 1854 amplius
1540 1801 1653 1841 aliud

123 1872 259 1913 minus
305 1873 419 1914 aliud
466 1874 632 1915 omnino
678 1877 789 1915 caret
834 1874 992 1914 lumine
1039 1877 1080 1914 et
1123 1873 1346 1914 tenebroso
1393 1873 1657 1914 inumbratur

241 1955 261 1987 ἴ)
287 1953 345 1987 Ps.
376 1955 452 1993 142,
479 1955 499 1987 ‘2
574 1956 594 1988 6
616 1954 706 1990 Hab.
734 1956 766 1995 2,
793 1956 831 1995 4;
859 1955 960 1988 Rom.
991 1955 1022 1994 1,
1045 1955 1102 1994 17;
1128 1953 1207 1989 Gal.
1234 1955 1267 1993 3,
1297 1954 1358 1995 11;
1386 1953 1493 1988 Hebr.
1524 1954 1578 1996 10,
1606 1953 1650 1987 35

124 2014 140 2046 τ
171 2012 232 2046 101,
261 2014 317 2055 29,
346 2014 388 2047 14

170 2084 191 2117 2
218 2084 404 2118 afflantum
440 2085 468 2117 V
565 2087 698 2128 quanto
726 2085 842 2128 magis
869 2096 936 2117 0111.
966 2083 1065 2118 HIR
1155 2084 1175 2117 3
1204 2083 1379 2128 egressui]
1409 2094 1573 2127 egressus
1600 2082 1655 2116 sui

124 2155 246 2187 zsuper
271 2144 325 2177 sui
354 2155 398 2178 m.
427 2147 452 2177 :3
475 2144 492 2177 1'
517 2143 586 2177 sibi
614 2143 648 2177 id
671 2150 709 2181 ,ἢν
736 2143 822 2184 luci)
847 2143 885 2176 Κ
932 2145 953 2176 4
981 2143 1066 2187 quo]
1093 2154 1132 2176 co
1154 2142 1197 2176 H
1221 2142 1316 2185 quod
1337 2143 1362 2176 Ι
1434 2142 1603 2176 obcurum
1625 2141 1660 2174 Ι)

123 2204 143 2237 6
172 2203 206 2237 di
235 2210 321 2243 (ras.
350 2215 392 2237 αι·
419 2203 475 2236 ὼῖι
505 2207 569 2236 aut
597 2202 668 2245 diri)
695 2207 770 2236 oms
797 2202 845 2236 Pl
945 2204 962 2236 T
991 2202 1107 2236 sancti
1135 2213 1201 2235 om.
1230 2201 1277 2235 Ρ1
1387 2201 1565 2235 iustitiam
1594 2200 1661 2233 III

172 2263 300 2306 magis]
329 2263 444 2296 maius
472 2261 677 2296 HP¹A⁷VR
798 2266 818 2293 θ’
847 2264 883 2295 et
909 2262 944 2295 in
971 2261 1037 2295 hoe
1068 2261 1098 2295 (J
1207 2260 1333 2305 magis]
1361 2261 1476 2295 maius
1503 2259 1659 2293 IIKVR

124 2326 144 2353 ‘A
172 2321 346 2356 obtimum
372 2322 414 2355 H
481 2322 522 2356 10
550 2322 632 2365 ago]
660 2333 726 2365 ego
754 2320 1022 2355 HP¹KV1RC
1046 2319 1125 2354 edd.
1200 2320 1329 2365 loquor
1354 2319 1556 2354 1²¹A'V11'C
1579 2318 1658 2352 edd.

129 2382 166 2415 11
197 2380 333 2415 discere
361 2393 426 2415 om.
455 2380 523 2415 HI
546 2380 662 2414 dicere
690 2380 781 2414 1²¹1(
804 2381 863 2423 (m.
892 2382 916 2414 2
943 2380 1092 2422 discere)
1121 2379 1185 2413 VC
1282 2379 1410 2413 uellem
1438 2379 1473 2412 Ι)
1497 2379 1661 2423 Euqippi

126 2439 227 2474 codd.
257 2440 432 2474 nonnulli
508 2441 549 2474 12
578 2441 612 2473 in
640 2439 689 2484 id]
719 2439 755 2473 id
784 2439 896 2474 KVR
923 2439 981 2474 hie
1008 2438 1057 2473 Ρ1
1133 2439 1176 2473 13
1203 2440 1273 2472 sen'
1293 2439 1379 2472 tiam
1415 2437 1447 2471 V
1548 2444 1659 2474 tuam.

126 2510 169 2532 m.
198 2503 222 2532 2
248 2510 361 2532 meam
388 2498 429 2532 K
546 2503 708 2545 promere
735 2508 793 2529 ιω
821 2498 903 2533 deb
933 2499 963 2532 C
1085 2499 1127 2532 15
1153 2498 1301 2531 uirtutis
1327 2496 1375 2531 Pl
1499 2498 1593 2540 eum}
1623 2502 1659 2530 et

127 2569 205 2591 eum
233 2558 267 2592 R
368 2559 409 2592 16
437 2559 519 2597 sint.
547 2569 590 2593 m.
619 2561 636 2591 1
663 2568 754 2591 corr.
782 2561 865 2591 sunt
890 2557 925 2591 P
1035 2557 1076 2591 17
1105 2556 1248 2602 quidem
1276 2563 1411 2590 rectum
1440 2568 1456 2589 e
1474 2582 1480 2589 .
1499 2584 1502 2588 .
1521 2556 1559 2588 in
1586 2567 1657 2589 ras.

128 2630 169 2650 m.
199 2619 225 2651 2
253 2617 291 2650 Κ
365 2617 407 2651 18
434 2628 543 2662 prauo
570 2617 714 2662 prauius
742 2620 795 2650 est
823 2616 902 2650 edd.
978 2627 1099 2661 paruo,
1126 2627 1171 2650 m.
1200 2618 1225 2650 2
1250 2627 1359 2660 prauo
1387 2615 1427 2648 Ι(
1500 2614 1659 2659 paruius,

129 2688 170 2711 m.
198 2680 216 2709 1
242 2688 331 2710 carr.
360 2677 506 2720 prauius
531 2676 567 2709 1’
711 2675 948 2719 distortoque]
978 2674 1224 2719 distortusque
1250 2675 1293 2708 II
1410 2674 1455 2707 20
1483 2685 1660 2718 corporas.

129 2747 171 2768 m.
201 2739 218 2768 1
244 2746 335 2769 corr.
364 2736 522 2779 corporis
547 2734 599 2769 1³²
721 2746 790 2768 non
819 2746 888 2779 quo
915 2734 1115 2769 1²¹KVR('
1247 2733 1425 2771 uideatur,
1454 2745 1497 2766 m.
1525 2736 1543 2766 1
1569 2744 1659 2767 corr.

132 2794 321 2828 uideantur
347 2794 387 2828 A·
524 2794 586 2827 sed
615 2804 700 2837 quo·
725 2793 817 2836 (suit
845 2793 879 2827 di
910 2795 939 2827 C
963 2793 1032 2827 sed¹
1053 2804 1122 2837 quo
1150 2793 1184 2828 R
1306 2793 1346 2825 21
1379 2792 1469 2825 alius
1496 2793 1613 2826 minus
1639 2792 1663 2826 I

129 2854 173 2886 ·.'·.‘
200 2852 347 2898 lumine]
378 2853 531 2893 omnino,
560 2865 603 2886 m.
632 2855 648 2885 1
673 2863 767 2888 corr.
792 2852 926 2886 lumine
955 2852 987 2886 Ρ
