1952 3118
654 208 1004 253 epistularum
1046 208 1187 243 CLXXI
1213 209 1254 243 A.
1628 213 1711 253 635

186 337 277 378 siue
310 337 471 378 tardius
511 337 602 378 siue
642 336 834 383 celerius,
873 340 973 378 tunc
1013 336 1150 379 dicere
1188 337 1419 379 audeamus
1458 339 1600 380 ualere
1638 351 1712 380 nos

184 408 447 461 aliquantum
470 411 608 449 mente
631 407 871 461 contingere
894 421 1083 449 summae
1111 411 1234 461 atque
1260 409 1484 451 ineffabilis
1512 409 1712 451 trinitatis

184 480 403 529 unitatem,
443 479 515 520 ubi
554 492 720 521 summa
758 492 835 533 pax
875 480 965 529 erit,
1006 480 1103 532 quia
1141 481 1266 531 ultra,
1301 481 1412 534 quod
1454 484 1711 535 expectetur.

182 562 261 591 nou
285 552 361 597 est,
392 562 486 591 cum
507 550 720 592 reformati
743 550 794 591 ad
816 550 880 591 sui
903 551 1065 604 generis
1086 551 1313 605 imaginem
1335 552 1410 593 filii
1434 552 1499 593 dei
1520 565 1566 593 ex
1581 552 1712 593 homi-

144 629 159 653 5
184 621 307 663 nibus
328 622 429 662 facti
449 624 621 675 paterna
645 621 1073 663 incommutabilitate
1092 623 1378 675 perfruuntur.
1400 623 1564 676 primus
1585 623 1713 664 enim:

127 987 156 1009 10

126 1340 157 1366 15

184 693 330 733 Beati
363 705 610 747 pauperes
644 692 845 747 spiritu,
881 693 951 734 ubi
984 693 1112 734 timor
1145 692 1210 734 dei
1244 697 1326 742 θεῖς
1362 693 1532 735 deinde:
1567 694 1709 735 Beati

185 764 348 806 mites.
395 763 468 805 nbi
511 763 647 817 pietas
681 763 910 816 rdocibilis3
961 764 1106 805 tertio:
1160 764 1302 805 Beati
1347 765 1597 819 lugentes,
1639 765 1711 806 ubi

186 835 362 876 scientia
398 835 588 888 propriae
627 834 908 885 infi1·mitatis;
955 837 1123 887 quarto:
1162 834 1320 885 Beati,
1360 836 1442 888 qui
1483 836 1713 877 esuriunt

185 910 232 947 et
265 906 452 954 sitiunt
482 906 750 954 iustitiam,
792 905 1100 953 ubifortitudo
1136 905 1311 947 conandi
1345 905 1528 947 domitas
1562 907 1714 948 habere

184 977 402 1026 libidines:
461 977 628 1030 quinto:
681 977 828 1018 Beati
876 976 1249 1027 misericordes
1280 977 1531 1030 ‘quoniam
1584 977 1712 1031 ipsis

184 1048 511 1089 miserebitur
541 1048 676 1099 deus,
710 1047 782 1089 ubi
809 1048 1034 1090 consilium
1068 1050 1134 1089 est
1165 1047 1406 1097 adiuuandi,
1442 1050 1488 1089 ut
1522 1047 1713 1089 adiuuari

185 1119 396 1160 merearis.
430 1120 530 1160 tunc
564 1118 615 1160 ad
648 1122 814 1160 sextum
848 1119 1094 1172 peruenitur
1126 1118 1317 1173 gradum,
1351 1119 1390 1159 in
1425 1131 1507 1172 quo
1542 1118 1713 1160 dicitur:

184 1190 332 1231 Beati
366 1189 546 1232 mundo
581 1189 742 1241 corde,
777 1190 1008 1242 quoniam
1042 1190 1140 1244 ipsi
1173 1190 1316 1231 deum
1349 1189 1608 1240 uidebunt,
1640 1190 1713 1230 ubi

184 1274 315 1314 purus
343 1261 588 1303 intellectus
616 1264 656 1303 et
689 1261 842 1303 babilis
877 1261 925 1302 ad
960 1262 1292 1316 intellegendum
1327 1261 1715 1315 quantulacumque

185 1346 230 1373 ex
252 1335 366 1385 parte
386 1333 620 1374 trinitatem
650 1332 807 1374 seruari
834 1345 913 1374 non
940 1335 1096 1385 potest,
1124 1333 1204 1374 nisi
1233 1336 1274 1374 et
1293 1333 1462 1374 laudem
1490 1327 1715 1374 humanam

184 1417 264 1445 uon
298 1407 563 1458 appetamus,
598 1404 793 1458 quamuis
818 1403 1034 1459 >laudanda
1066 1404 1285 1455 faciamus,
1326 1404 1500 1457 proinde
1534 1404 1714 1457 septimo

187 1475 317 1529 gradu
357 1475 627 1529 peruenimus
666 1475 716 1516 ad
754 1476 871 1528 pacis
910 1475 1026 1516 illius
1061 1475 1426 1529 tranquillitatem,
1460 1488 1585 1528 quam
1620 1474 1715 1515 dare

185 1559 264 1587 non
291 1550 434 1599 potest
459 1546 654 1587 mundus.
687 1559 781 1587 nam
817 1546 943 1588 etiam
975 1546 1062 1588 illis
1097 1546 1328 1587 uirtutibus
1363 1548 1576 1598 quattuor,
1611 1558 1714 1598 quas

185 1617 447 1659 memorabili
468 1617 628 1670 pridem
651 1617 858 1659 industria
884 1617 1126 1671 philosophi
1154 1630 1320 1671 quoque
1344 1617 1542 1671 indagare
1569 1619 1715 1670 potue-

125 1699 140 1722 2
184 1691 294 1731 runt.
321 1688 363 1729 id
390 1691 454 1730 est
479 1689 741 1742 prudentiae,
768 1688 1019 1739 fortitudini,
1047 1688 1347 1746 temperantiae
1374 1691 1500 1742 atque
1527 1687 1715 1729 iustitiae

186 1761 220 1801 si
260 1759 311 1801 ad
349 1761 584 1813 perfectum
624 1760 840 1814 religionis
881 1760 1042 1801 cultum
1082 1759 1162 1801 tria
1200 1760 1302 1801 haec
1335 1760 1558 1814 iungentes
1593 1759 1716 1800 adda-

184 1844 294 1880 mus,
334 1830 376 1871 id
416 1834 480 1872 est
518 1830 657 1881 fidem,
698 1843 813 1884 spem
856 1833 900 1872 et
931 1831 1166 1881 caritatem,
1207 1831 1487 1884 septenarium
1528 1831 1714 1885 profecto

185 1914 403 1942 numerum
431 1901 682 1943 inuenimus.
710 1906 823 1943 recte
851 1890 969 1943 enim
988 1902 1097 1943 haec·
1114 1902 1195 1943 tria
1222 1914 1302 1943 uon
1331 1901 1598 1951 omittuntur,
1626 1901 1714 1942 sine

306 2066 326 2098 6
346 2063 478 2098 Matth.
500 2064 532 2105 ,3,
553 2063 663 2104 3—83
685 2063 768 2097 Luc.
790 2063 822 2106 6,
842 2062 979 2097 <zo-21
1056 2063 1174 2097 6—14
1196 2063 1254 2097 Es.
1278 2063 1445 2104 11‚·2-3
1523 2063 1564 2097 17
1585 2062 1714 2097 matti..

189 2126 220 2166 3
247 2124 286 2165 9;
312 2123 389 2157 Ioh.
419 2123 471 2163 14,
498 2123 542 2157 27

236 2219 251 2253 1
281 2218 417 2252 dicere»
436 2217 529 2261 (fuit
555 2218 582 2259 t)
608 2217 644 2251 A
711 2217 732 2251 2
757 2216 870 2251 menti
896 2217 930 2250 A
998 2216 1021 2250 4
1047 2216 1102 2260 ex]
1132 2218 1168 2250 et
1193 2216 1228 2250 P
1293 2217 1314 2251 5
1341 2216 1454 2261 primo
1481 2227 1515 2250 m
1542 2215 1719 2255 Haussz.,·

186 2280 231 2323 (s.
254 2290 290 2323 Ρ.
322 2279 409 2318 634,
431 2279 501 2319 225
523 2277 611 2316 635,
632 2278 698 2318 12;
715 2278 761 2310 17
810 2278 831 2310 6
851 2287 1019 2321 paupere,
1039 2287 1083 2310 m.
1104 2278 1123 2309 1
1144 2286 1235 2310 corr.
1256 2286 1431 2321 pauperes
1451 2274 1499 2309 P¹
1551 2275 1569 2309 7
1592 2275 1716 2310 docilis

187 2349 259 2372 ras.
286 2340 319 2371 et
350 2346 440 2370 corr.
467 2347 511 2369 m.
540 2335 721 2379 2;suisse
752 2334 828 2371 uid.
856 2334 1031 2369 docebilis
1058 2336 1092 2370 A
1126 2334 1251 2369 docilis
1278 2335 1314 2369 P
1336 2347 1370 2369 m
1422 2335 1466 2369 10
1491 2334 1653 2368 libidinis
1680 2335 1714 2368 A

186 2396 314 2440 (supra
341 2407 384 2429 m.
412 2397 438 2429 2
463 2393 647 2428 libidines)
675 2393 759 2428 ΡΡι
923 2394 1079 2439 ipsorum
1107 2394 1143 2428 P
1166 2405 1200 2428 m
1347 2395 1385 2428 ll
1416 2393 1504 2428 deus
1530 2403 1597 2428 om.
1624 2392 1660 2426 P
1684 2404 1713 2426 m

189 2455 231 2489 12
258 2458 404 2497 sextam,
429 2464 547 2498 supra
572 2456 708 2488 sextum
736 2454 771 2488 A
856 2454 892 2488 in
919 2465 989 2499 quo
1017 2464 1083 2490 om.
1111 2453 1160 2488 Ρι
1206 2451 1210 2454 ”
1236 2454 1279 2487 14
1306 2453 1604 2498 quantulacumq;
1631 2452 1716 2486 AP¹

186 2522 239 2560 (ψ
264 2525 294 2549 s.
320 2525 355 2548 u..
382 2525 426 2549 m.
454 2516 473 2547 1
499 2513 601 2556 add.)
731 2514 773 2548 15
806 2523 949 2547 seruare
975 2514 1011 2547 P
1032 2523 1178 2548 cernere
1204 2524 1239 2548 m
1363 2513 1402 2547 17
1443 2511 1568 2557 gradu,
1600 2522 1715 2556 supra

188 2586 231 2608 m.
259 2576 285 2607 2
310 2572 419 2618 grado
448 2574 481 2607 A
523 2589 527 2597 x
579 2573 690 2618 pacis]
718 2572 896 2618 pacificia-⁴-
921 2573 1055 2617 (fuisse
1080 2572 1157 2607 uid.
1184 2573 1228 2615 is)
1255 2571 1303 2606 Ρι
1404 2572 1446 2606 19
1472 2570 1715 2605 memorabile.

186 2643 301 2676 supra
327 2643 372 2666 m.
401 2635 427 2666 2
450 2631 675 2666 memorabili
702 2632 734 2665 A
826 2630 1012 2676 philofom,
1038 2640 1129 2667 corr.
1154 2630 1358 2676 philosofia!
1384 2639 1468 2673 (ras.
1498 2627 1657 2669 1421.)
1684 2630 1716 2663 A

246 2690 411 2735 indagari
435 2691 470 2724 A
496 2689 667 2731 indicare,
693 2701 738 2724 m.
758 2693 777 2723 1
803 2689 1150 2734 corr.'indagare.P
1197 2690 1264 2724 ··20
1291 2688 1504 2723 fortitudine
1530 2689 1564 2722 A
1590 2691 1715 2732 (supra

189 2762 231 2785 m.
263 2753 288 2784 2
312 2749 534 2794 fortitudini)
558 2749 595 2783 P
666 2749 819 2791 iustitia,
846 2760 889 2784 m.
917 2751 942 2782 2
967 2749 1129 2783 iustitiae
1157 2750 1189 2782 A
1264 2749 1310 2782 22
1337 2752 1373 2782 ct
1398 2758 1465 2782 om.
1492 2749 1525 2781 A
1606 2747 1716 2792 septi-

188 2809 326 2844 narium
354 2820 415 2854 pro
442 2808 537 2843 fectu
565 2810 598 2842 A
673 2809 717 2842 :23
745 2812 832 2848 trea,
858 2820 902 2842 m.
931 2810 956 2842 :2
981 2808 1050 2842 tria
1076 2809 1110 2842 A
