1952 3118
104 950 134 970 10)

102 1303 134 1326 15

642 167 993 211 epistularum
1034 166 1206 202 CLXVII.
1606 172 1690 212 593

163 308 305 336 secum
357 296 484 337 habet
528 299 701 338 ceteras.
755 297 814 338 sic
859 299 901 338 et
944 297 1147 339 fortitudo
1200 298 1428 352 inprudens
1474 312 1565 341 esse
1610 312 1688 340 non

162 368 302 418 potest
345 367 414 408 uel
458 367 738 421 intemperans
783 368 850 409 uel
890 368 1064 417 iniusta;
1108 369 1167 410 sic
1206 369 1482 423 temperantia
1521 382 1690 411 necesse

162 439 227 477 est
270 440 317 478 ut
354 437 549 491 prudens.
593 438 716 479 fortis
756 442 797 479 et
842 439 955 480 iusta
994 440 1068 485 sit:
1109 439 1170 481 sic
1207 439 1373 481 iustitia
1412 453 1490 481 non
1531 444 1608 489 est,
1656 442 1690 481 si

163 520 240 548 non
280 508 336 548 sit
372 508 567 562 prudens,
607 510 727 550 fortis
769 512 810 550 et
841 512 1089 563 temperans.
1129 511 1187 551 ita
1219 511 1291 552 ubi
1324 524 1423 552 uera
1455 515 1520 551 est
1552 511 1691 565 aliqua

161 591 317 620 earum.
357 581 398 619 et
435 579 540 620 aliae
580 580 776 621 similiter
813 584 929 625 sunt:
972 581 1043 622 ubi
1077 584 1217 622 autem
1253 581 1357 623 aliae
1391 581 1556 631 desunt,
1591 595 1690 623 uera

161 648 232 689 illa
264 661 344 689 non
377 653 455 698 est,
488 651 653 691 etiamsi
686 651 828 704 aliquo
862 651 984 693 modo
1020 652 1173 693 similis
1208 665 1300 694 esse
1334 653 1541 696 uideatur.

222 719 329 761 Sunt
343 720 464 763 enim.
486 724 534 762 ut
554 721 652 771 scis,
674 721 877 775 quaedam
898 723 1004 763 uitia
1024 722 1256 764 uirtutibus
1278 726 1419 776 aperta
1441 724 1690 766 discretione

161 792 380 839 contraria,
432 795 478 833 ut
529 793 795 845 inprudentia
839 793 1102 847 prudentiae:
1157 797 1254 835 sunt
1298 798 1437 835 autem
1485 795 1689 848 quaedam

161 867 339 912 tantum,
374 864 471 916 quia
503 864 609 906 uitia
642 867 753 907 sunt.
787 865 879 906 ideo
914 865 1132 914 contraria,
1168 865 1343 917 quadam
1378 869 1517 906 tamen
1551 867 1690 918 specie

161 934 300 975 fallaci
329 935 495 983 similia,
522 938 570 976 ut
590 935 725 976 eidem
748 935 992 989 prudentiae
1020 949 1098 977 non
1127 936 1391 989 inprudentia
1419 936 1491 977 sed
1519 937 1689 978 astutia.

161 1019 267 1047 nunc
314 1006 422 1047 enim
467 1019 558 1047 eam
604 1007 695 1048 dico
735 1007 949 1057 astutiam,
995 1020 1100 1060 quae
1142 1007 1342 1049 usitatius
1382 1008 1421 1048 in
1463 1008 1690 1049 malitiosis

159 1075 348 1131 intellegi
400 1079 441 1118 et
491 1077 631 1118 uocari
683 1078 804 1120 solet.
857 1091 937 1119 non
982 1078 1093 1120 siout
1136 1078 1253 1132 loqui
1297 1082 1439 1119 nostra
1485 1079 1691 1131 scriptura

161 1148 394 1190 consueuit.
446 1162 552 1202 quae
597 1162 719 1201 saepe
771 1150 972 1190 astutiam
1022 1149 1063 1190 in
1115 1150 1220 1190 bono
1265 1150 1397 1202 ponit,
1449 1149 1559 1190 unde
1606 1156 1688 1190 est:

161 1220 347 1260 Astuti
392 1222 447 1260 ut
493 1223 770 1272 serpentes
818 1223 860 1262 et
897 1220 1022 1261 illud:
1070 1220 1135 1262 Ut
1168 1220 1256 1261 det
1294 1220 1687 1262 innocentibus

161 1291 434 1333 astutiam.
475 1303 728 1344 quamquam
769 1294 810 1332 et
843 1291 952 1344 apud
985 1291 1081 1332 illos
1115 1291 1325 1332 Romanae
1358 1291 1527 1345 linguae
1561 1291 1690 1332 diser-

160 1362 355 1403 tissimus
401 1362 566 1404 dixerit:
613 1362 773 1416 ‘Neque
813 1362 874 1404 illi
913 1365 1052 1403 tamen
1094 1363 1145 1403 ad
1185 1363 1417 1404 cauendum
1456 1363 1578 1404 dolus
1619 1360 1717 1403 aut'

161 1433 319 1474 astutia
370 1433 525 1474 deerat’
575 1434 777 1475 astutiam
827 1446 985 1486 ponens
1036 1434 1077 1474 in
1129 1434 1256 1477 bono:
1310 1434 1383 1475 sed
1433 1433 1544 1487 apud
1594 1433 1689 1474 illos

162 1505 435 1546 rarissimum.
469 1505 578 1558 apud
606 1510 770 1546 nostros
799 1508 938 1546 autem
973 1505 1364 1558 frequentissimum
1397 1508 1472 1546 est.
1504 1505 1691 1557 itemque

161 1577 200 1616 in
259 1576 447 1629 partibus
499 1576 800 1629 temperantiae
852 1576 1117 1628 apertissime
1169 1577 1375 1617 contraria
1426 1579 1490 1618 est
1540 1576 1689 1617 effusio

281 1738 322 1771 14
350 1737 478 1771 Matt'n.
508 1738 561 1775 10,
590 1738 632 1771 16
755 1738 859 1771 Prou.
890 1738 918 1777 1,
946 1738 967 1770 -1
1044 1738 1085 1770 16
1113 1737 1198 1771 Sall.
1228 1738 1305 1772 Cat,
1334 1738 1389 1775 26,
1417 1738 1438 1771 2

209 1821 222 1854 1
254 1824 406 1854 cetera2s
433 1820 468 1853 P
492 1823 528 1854 et
554 1822 690 1854 ceteras
721 1819 779 1852 III
908 1819 1096 1863 inpudens.
1124 1830 1215 1853 corr.
1243 1819 1436 1863 inprudens
1464 1819 1502 1852 II
1577 1820 1597 1853 2
1624 1820 1689 1863 sie]

159 1880 208 1912 sis·
235 1883 271 1912 et
296 1880 332 1913 P
421 1880 441 1912 3
468 1879 635 1912 s'if'l'iusta
661 1879 802 1923 (fecitne
828 1879 862 1912 in
892 1878 923 1919 .9)
952 1879 992 1912 K
1087 1879 1151 1923 sic]
1181 1879 1231 1912 sic
1259 1882 1294 1912 et
1320 1879 1356 1912 P
1451 1879 1480 1912 si
1508 1879 1591 1923 non}
1620 1880 1688 1912 nid

158 1939 236 1974 edd.
358 1940 378 1972 4
405 1938 647 1982 non—aliqua
674 1949 741 1972 om.
768 1938 836 1972 III
978 1942 1013 1971 et
1040 1949 1106 1974 om.
1134 1936 1299 1973 P¹KVR
1420 1939 1485 1983 ita]
1514 1939 1566 1972 ita
1593 1946 1628 1972 et
1655 1939 1690 1971 Ρ

158 2000 177 2032 5
204 1999 275 2032 alia
303 1998 367 2032 III
460 1999 558 2042 sunt!
586 1997 716 2031 desunt
742 1998 767 2032 Ι
860 1998 881 2031 6
908 1997 1012 2031 modo
1038 1996 1098 2040 (do
1123 2009 1150 2031 s,
1178 2006 1229 2039 u.)
1256 1997 1280 2031 I
1375 1998 1393 2030 Τ
1422 1998 1519 2041 sunt]
1548 1998 1639 2031 sicut
1667 1998 1691 2031 I

206 2057 309 2090 scils'ls
330 2060 416 2100 (ras.
439 2059 532 2090 122
552 2056 588 2097 l.)
614 2056 651 2089 K
669 2056 716 2089 sis
738 2055 786 2089 Pl
861 2060 1007 2100 aperata
1028 2058 1133 2099 (corr.
1155 2058 1292 2100 aperta)
1315 2058 1399 2089 sunt
1419 2055 1635 2089 discretione
1657 2057 1691 2091 R

157 2118 178 2149 8
205 2115 444 2160 inprudentie.
472 2127 514 2149 m.
543 2119 561 2149 1
587 2126 676 2149 corr.
705 2114 936 2160 inprudentia
962 2115 997 2148 P
1062 2116 1082 2148 9
1110 2115 1207 2159 quial
1238 2126 1327 2159 quae
1347 2114 1383 2150 R
1482 2114 1577 2159 ideo}
1606 2115 1687 2149 ideo

159 2183 276 2209 tamen
305 2178 439 2217 (tamen
468 2178 560 2219 exp.)
588 2175 628 2208 K
701 2173 851 2218 quedam
880 2174 968 2208 P¹V
994 2173 1169 2218 quaedam
1196 2173 1232 2208 R
1258 2179 1341 2207 sunt
1369 2174 1446 2219 (sed
1470 2174 1552 2213 del.)
1582 2185 1689 2218 quae-

158 2234 238 2268 dam
269 2234 298 2269 C
396 2234 438 2269 10
464 2234 602 2268 fallacis
630 2234 671 2267 K
693 2236 722 2275 (s
749 2244 855 2271 eru-e.)
890 2233 922 2266 V
1015 2233 1167 2267 similiac
1194 2231 1242 2266 Pl
1345 2234 1524 2267 'ls'i'astutia
1550 2234 1690 2276 {sititur

158 2295 193 2328 in
221 2292 252 2327 ἓν
281 2294 321 2327 K
382 2294 420 2327 11
452 2304 522 2327 nun
548 2294 647 2336 (sicli
678 2292 723 2326 Ρ1
800 2304 875 2326 eain
906 2304 953 2326 1111
980 2305 1021 2325 m.
1053 2296 1078 2326 :3
1102 2293 1143 2327 in
1170 2300 1257 2326 ras}
1284 2293 1326 2326 K
1349 2291 1497 2326 eandem
1526 2292 1689 2336 Enqippi

159 2354 260 2388 codd.
282 2354 448 2397 lucrique
544 2353 700 2386 usitatus
723 2351 770 2386 Ρι
836 2352 878 2385 12
906 2352 1044 2386 [meari
1072 2354 1107 2396 (u
1136 2352 1176 2385 in
1200 2355 1289 2394 ras.)
1319 2352 1359 2385 II
1443 2353 1526 2395 non}
1556 2360 1589 2384 et
1617 2363 1686 2385 non

158 2413 252 2456 Euq.
350 2417 474 2446 nostra
498 2412 597 2456 loqui
625 2411 704 2445 edd.
803 2417 873 2445 nra
899 2411 1076 2456 scriptura
1102 2412 1203 2454 (sies)
1232 2411 1278 2444 Ι)1
1357 2412 1397 2444 13
1427 2412 1495 2454 est}
1525 2419 1578 2444 est
1606 2411 1688 2444 illut

163 2471 226 2505 III
248 2474 363 2505 estote
390 2471 469 2504 edd.
547 2471 589 2504 14
615 2474 655 2504 ut
682 2474 717 2504 et
744 2470 996 2504 innocentibus
1022 2469 1154 2504 P¹K1⁷
1178 2474 1215 2503 nt
1245 2470 1495 2504 innocentibus
1523 2470 1556 2504 R
1587 2478 1625 2503 nt
1653 2474 1687 2503 et

160 2530 408 2564 innocentibus
436 2529 495 2563 det
523 2530 601 2563 edd.
656 2530 697 2563 15
719 2529 925 2563 astnutiam
953 2529 1094 2573 (fuitne
1120 2529 1147 2563 ti
1169 2528 1257 2572 .9)1'
1282 2530 1416 2562 astutia
1444 2529 1507 2561 ΙΨ
1535 2529 1687 2562 astutiae

159 2589 285 2623 P¹KR
395 2600 617 2633 quansquam
645 2589 680 2623 Iu'
816 2589 856 2623 1ss
884 2588 985 2622 dolos
1012 2588 1114 2622 IIPI
1137 2588 1209 2622 (Ino
1237 2588 1398 2633 Jz'uyippi
1424 2588 1528 2621 codd.
1627 2591 1688 2621 aut

159 2659 223 2682 om.
254 2647 355 2682 HPI
422 2648 462 2681 17
485 2666 501 2680 ³⁶
522 2647 645 2682 decrat
671 2649 706 2681 Ι)
730 2648 877 2681 det-rant
901 2647 1139 2682 JII2¹KVRG
1161 2647 1240 2681 edd.
1341 2659 1448 2691 pones
1471 2647 1561 2680 1²¹1(
1584 2649 1641 2689 (m.
1665 2650 1690 2680 ,23

161 2710 308 2752 ponens)
341 2707 373 2740 V
448 2708 489 2741 18
516 2707 702 2741 rassinuum
730 2706 848 2750 adpud
876 2707 977 2747 (sicl)
1004 2706 1052 2741 P¹
1128 2711 1247 2741 autem
1275 2720 1341 2740 om.
1369 2706 1447 2740 cdd.
1524 2707 1686 2750 frequen-

159 2767 347 2804 tissimum,
373 2779 416 2802 m.
446 2770 464 2800 1
492 2777 580 2800 corr.
609 2766 974 2811 frequentatissimum
1002 2767 1037 2802 Ρ

195 2848 369 2874 xxxxiiii
392 2850 468 2880 Aug.
489 2852 561 2876 sect.
582 2850 609 2874 11
632 2856 701 2882 pars
721 2848 747 2874 3.
1596 2838 1639 2868 εἷς
