1952 3118
125 991 156 1016 10

122 1343 155 1369 15

45 1682 95 1724 74
120 1699 154 1724 20

706 205 1058 249 epistularum
1099 204 1200 240 CXL.
1631 211 1711 251 221

188 334 336 375 deinde
393 334 628 389 subiungit:
686 335 818 384 Eum,
877 336 957 388 qui
1023 349 1112 377 non
1178 340 1385 378 nouerat
1440 340 1715 391 peccatum.

186 408 443 459 peecatum
472 418 554 458 pro
583 405 725 447 nobis
754 406 875 447 fecit
904 406 1021 447 —id
1050 411 1115 448 est
1142 408 1393 449 sacrificium
1417 422 1490 462 pro
1511 410 1716 463 peccatis:

186 489 278 517 nam
313 478 355 517 et
385 476 477 528 ipsa
509 476 549 517 in
581 476 675 531 lege
707 480 878 530 peccata
912 478 1243 531 appellabantur,
1279 492 1382 531 quae
1422 493 1495 533 pro
1534 481 1716 534 peccatis

186 546 465 588 offerebantur
502 572 572 597 —,
613 550 666 589 ut
710 560 796 589 nos
842 548 996 589 simus
1043 548 1250 590 iustitia
1295 549 1371 590 dei
1418 550 1462 592 in
1509 551 1634 604 ipso.
1675 552 1715 592 id

185 622 249 659 est
293 618 331 658 in
378 618 468 660 eius
515 631 699 673 corpore.
741 619 850 672 quod
895 622 959 660 est
1005 619 1194 671 ecelesia,
1240 620 1304 661 oui
1352 624 1477 675 caput
1524 626 1600 663 est.
1642 635 1717 664 nos

184 689 316 730 simus
343 688 509 730 iustitia
535 689 616 731 dei.
650 702 791 742 quam
826 690 1118 744 ignorantes
1146 690 1209 731 illi
1236 694 1287 732 et
1320 704 1455 733 suam
1485 694 1715 733 uolentes

184 760 508 803 constituere.
554 760 596 802 id
641 763 706 802 est
749 762 965 814 tamquam
1012 761 1062 802 de
1108 761 1198 803 suis
1244 762 1440 815 operibus
1486 763 1715 817 gloriantes

182 831 415 873 iustitiae
456 831 531 872 dei
572 845 661 873 non
703 834 818 873 sunt
856 831 1092 874 subiecti.
1131 831 1225 873 inde
1266 836 1306 874 et
1344 833 1385 874 in
1419 832 1498 874 hoc
1533 834 1710 886 psalmo.

183 916 276 945 eum
317 902 509 944 dixisset:
555 903 938 945 Adnuntiabunt
983 903 1235 945 iustitiam
1280 904 1403 946 eius.
1444 904 1636 957 sequitur
1674 908 1716 945 et

182 974 391 1028 adiungit:
444 974 650 1027 Populo.
685 974 767 1027 qui
814 977 1062 1024 nascetur,
1109 987 1250 1028 quem
1297 974 1419 1015 feeit
1471 974 1713 1018 dominus.

182 1046 274 1099 quis
314 1053 377 1086 est
415 1045 524 1086 enim
563 1046 759 1098 populus,
800 1058 923 1098 quem
970 1058 1048 1086 non
1095 1045 1195 1086 fecit
1240 1045 1434 1087 dominus
1481 1046 1712 1087 seeundum

180 1117 236 1158 id.
276 1115 386 1170 quod
425 1115 616 1157 homines
656 1119 766 1158 sunt.
802 1116 870 1169 qui
912 1115 1037 1157 etiam
1079 1128 1227 1170 pecora
1267 1116 1438 1166 creauit,
1473 1129 1495 1157 a
1528 1129 1609 1169 quo
1650 1126 1713 1158 est

182 1187 315 1229 omnis
350 1187 439 1228 uita
472 1187 690 1240 omnisque
725 1187 834 1228 saeta
873 1190 915 1229 et
947 1190 1086 1229 ereata
1124 1187 1304 1228 natura?
1344 1187 1417 1228 sed
1456 1187 1514 1228 ita
1552 1187 1711 1229 intelle>-

180 1258 361 1312 gendum
408 1261 473 1299 est
516 1262 668 1311 ‘quem
723 1258 846 1299 feeit
897 1257 1153 1309 dominus’‚
1199 1261 1246 1299 ut
1290 1271 1369 1299 non
1415 1258 1552 1300 solum
1600 1259 1711 1312 quod

180 1329 369 1371 homines
415 1332 526 1379 sunt,
573 1343 719 1370 uerum
769 1330 894 1371 etiam
942 1330 1052 1382 quod
1098 1330 1199 1371 iusti
1245 1334 1355 1381 sunt,
1399 1330 1449 1370 ab
1495 1329 1568 1370 illo
1613 1330 1711 1370 facti

179 1400 478 1455 intellegantur
511 1400 742 1442 secundum
777 1401 896 1450 illud,
925 1400 1035 1454 quod
1068 1401 1150 1442 iam
1184 1413 1263 1442 non
1297 1400 1427 1442 semel
1462 1413 1712 1442 commemo-

180 1471 267 1513 raui
296 1472 344 1512 ab
374 1472 564 1525 apostolo
594 1472 777 1513 dictum:
813 1472 979 1526 Ipsius
1015 1485 1184 1513 sumus
1219 1472 1518 1525 figmentum
1553 1472 1710 1512 creati

180 1542 223 1583 in
267 1542 468 1585 Christo
507 1543 622 1584 Iesu
662 1543 706 1583 in
749 1543 986 1596 operibus
1026 1543 1184 1593 bonis,
1225 1556 1345 1596 quae
1390 1542 1707 1596 praeparauit

180 1613 312 1663 deus,
346 1618 399 1654 ut
433 1614 477 1654 in
512 1613 618 1655 illis
652 1614 978 1655 ambulemus.

238 1684 411 1725 Animae
444 1684 576 1738 igitur
600 1685 816 1726 rationalis
850 1685 1113 1726 mutabilitas
1147 1685 1405 1735 admonetur,
1431 1698 1511 1737 quo
1545 1685 1708 1726 nouerit

179 1755 257 1796 nisi
297 1756 616 1810 participatione
649 1756 1009 1798 incommutabilis
1050 1756 1146 1797 boni
1186 1756 1355 1805 iustam,
1391 1757 1567 1797 saluam.
1603 1756 1709 1810 sapi-

179 1829 330 1868 entem.
370 1827 535 1868 beatam
575 1840 618 1868 se
658 1840 750 1869 esse
790 1840 868 1869 non
909 1840 1032 1881 posse
1071 1839 1146 1869 nee
1180 1827 1260 1868 sibi
1294 1840 1384 1868 eam
1422 1827 1576 1868 bonum
1617 1840 1711 1867 esse

178 1910 301 1951 posse
334 1898 500 1952 propria
532 1899 752 1940 uoluntate
788 1898 860 1939 sed
895 1900 1064 1939 malum.
1105 1898 1270 1952 propria
1303 1898 1455 1951 quippe
1490 1898 1708 1939 uoluntate

179 1969 383 2009 auertitur
415 1983 436 2010 a
468 1969 575 2011 bono
610 1969 944 2011 incommutabili
980 1983 1109 2022 eaque
1143 1969 1360 2011 auersione
1401 1969 1593 2017 uitiatur;
1634 1983 1709 2010 nec

122 2054 136 2078 ε
180 2040 314 2081 sanari
359 2053 431 2094 per
476 2053 519 2081 se
568 2041 703 2094 ipsam
756 2043 896 2095 potest
947 2041 1020 2081 sed
1072 2041 1255 2095 gratuita
1306 2039 1591 2081 misericordia
1643 2041 1707 2081 sui

180 2111 391 2161 creatoris,
426 2125 530 2164 quae
564 2112 603 2152 in
638 2112 713 2153 liae
749 2112 835 2153 uita
870 2125 958 2153 eam
994 2125 1039 2152 ex
1072 2111 1151 2152 fide
1186 2111 1399 2152 uiuentem
1433 2110 1473 2151 in
1508 2123 1580 2164 spe
1615 2124 1707 2151 con-

180 2182 320 2222 stituit
357 2182 506 2223 salutis
552 2185 754 2223 aeternae.
803 2183 909 2223 unde
956 2196 1032 2223 non
1081 2183 1211 2223 altum
1258 2182 1405 2235 sapiat,
1445 2182 1517 2222 sed
1561 2182 1707 2222 timeat

297 2308 342 2342 ⁴26
371 2309 469 2342 Rom.
500 2310 529 2353 l⁷
559 2310 617 2343 17:
646 2309 723 2343 Gal.
754 2310 785 2343 3.
816 2310 873 2343 ll:
905 2309 1010 2342 lloebr.
1044 2310 1095 2344 10,
1124 2309 1185 2349 38;
1216 2309 1308 2342 Hal».
1335 2310 1368 2349 2,
1396 2311 1416 2343 4
1534 2310 1577 2342 27
1608 2309 1704 2344 Itoni.

183 2368 234 2410 11,
262 2368 307 2402 20

230 2451 243 2484 l
274 2451 356 2485 inde
383 2451 461 2486 edd.
561 2462 629 2485 non
656 2463 736 2487 (1111..
766 2464 807 2484 m.
838 2455 853 2483 l
880 2455 926 2484 ..⁷1
957 2451 1042 2484 add.
1079 2450 1106 2483 'l'
1203 2451 1356 2490 nouerit,
1385 2463 1426 2483 m.
1448 2454 1473 2484 2
1498 2458 1647 2484 nouerat
1673 2452 1705 2483 (τ’

180 2510 201 2542 2
228 2521 288 2555 pro
309 2510 412 2544 nobis
441 2516 625 2554 pes-catum
653 2510 732 2544 edd.
758 2522 824 2543 sec.
850 2521 942 2543 mer.
972 2510 1041 2543 litt.
1128 2511 1148 2543 :3
1176 2510 1251 2554 ipse
1285 2510 1315 2543 T
1399 2512 1418 2541 Γ»
1448 2510 1517 2553 cni}
1547 2510 1644 2543 cuius
1680 2508 1709 2541 'l'

180 2568 201 2602 9
228 2568 302 2603 eius
329 2579 395 2602 om.
425 2570 456 2602 1,
580 2570 622 2603 lo
648 2569 765 2613 iungit
797 2569 827 2602 'l'
944 2570 980 2602 11
1012 2571 1067 2602 est
1093 2580 1159 2603 0111.
1192 2569 1263 2601 GT
1380 2570 1420 2601 12
1449 2569 1562 2601 omnis
1590 2575 1643 2601 est
1680 2567 1708 2600 'l'

184 2627 224 2661 16
250 2639 320 2661 non
347 2639 414 2661 om.
450 2628 478 2660 'l'
530 2629 568 2661 17
598 2628 725 2671 ipsius}
754 2628 865 2672 ipsius
893 2628 984 2662 enini
1011 2628 1082 2677 (r'JI'
1107 2628 1185 2662 edd.
1207 2639 1272 2661 sec.
1293 2639 1386 2662 sacr.
1410 2627 1478 2660 lite.
1555 2628 1703 2669 figmen-

181 2690 254 2720 tum
283 2698 403 2721 sumus
431 2688 507 2720 ald.
590 2688 635 2720 22¹)
663 2699 766 2731 quae,
793 2699 834 2721 m.
865 2691 889 2720 .·'.’
915 2699 982 2731 quo
1014 2687 1044 2720 (i
1147 2688 1283 2721 nouerit
1314 2699 1356 2720 eac
1384 2699 1468 2723 ras..
1488 2687 1568 2729 suit
1596 2697 1703 2719 nonn-

183 2751 234 2778 rat
268 2745 298 2778 T
394 2748 436 2779 22
465 2758 500 2778 >w
528 2757 607 2785 om,
635 2758 675 2780 111,
708 2750 722 2779 1
751 2746 835 2779 add.
864 2747 894 2780 J„
994 2747 1038 2780 23
1067 2758 1168 2790 posse
1196 2758 1261 2779 om.
1299 2746 1325 2778 Ἰ“
1422 2745 1464 2779 ’24
1495 2745 1647 2778 uvi-titur
1676 2747 1707 2775 1)

181 2803 225 2837 25
252 2815 287 2837 se
315 2805 440 2849 ipsum,
470 2817 512 2840 m.
542 2809 566 2838 2
591 2818 627 2839 sa:
656 2806 768 2850 ipsam
794 2806 825 2837 (1'
901 2806 944 2838 2⁴5
973 2805 1032 2850 qui
1065 2808 1094 2839 0
