1952 3118
85 982 116 1007 10

86 1335 116 1361 15

639 195 990 240 epistularum
1031 195 1186 230 CLXVI.
1583 198 1666 238 569

140 338 263 380 quarn
292 325 478 378 exempla
505 324 719 367 deficiunt.
747 324 1027 378 languescunt
1047 325 1396 380 aegritudinibus.
1422 327 1672 378 torquentur

142 395 372 443 doloribus,
412 396 520 436 fame
554 398 596 436 et
628 395 696 437 siti
739 396 990 444 cruciantur,
1031 395 1306 438 debilitantur
1337 397 1549 447 membris,
1588 397 1670 450 pii-

140 470 293 508 uantur
323 466 531 509 sensibus.
564 470 770 507 uexantur
795 467 845 507 ab
873 467 1085 508 inmundis
1113 467 1348 521 spiritibus.
1383 467 1668 509 demonstran-

142 538 239 579 dum
279 540 345 579 est
383 537 544 590 utique.
591 550 672 590 quo
719 537 842 578 modo
887 538 969 578 ista
1013 538 1101 579 sine
1146 538 1231 579 ulla
1276 551 1351 579 sua
1395 538 1506 579 mala
1543 551 1671 580 causa

140 608 251 650 iuste
284 609 509 662 patiantur.
549 621 629 650 non
665 609 774 650 enim
808 608 890 650 dici
923 609 985 651 fas
1018 612 1083 650 est
1116 611 1188 650 aut
1226 609 1309 651 ista
1340 609 1559 663 ignorante
1592 609 1669 651 deo

139 679 227 721 fieri
261 681 334 720 aut
366 692 459 720 eum
494 692 573 721 non
607 691 732 732 posse
764 680 959 720 resistere
999 679 1251 720 facientibus
1291 682 1365 721 aut
1401 679 1557 721 iniuste
1589 679 1671 721 ista

140 750 207 791 uel
258 750 392 791 facere
444 750 513 791 uel
569 750 825 803 permittere.
884 763 982 790 num
1039 750 1254 803 quidnam.
1312 750 1422 791 sicut
1477 750 1672 791 animalia

140 821 448 862 inrationabilia
474 823 586 862 recte
615 820 795 862 dicimus
816 820 856 861 in
880 833 983 862 usus
1005 821 1090 861 dari
1119 821 1277 862 naturis
1305 821 1670 863 excellentioribus

141 892 219 932 etsi
258 890 443 934 uitiosis.
490 891 602 933 sicut
640 891 907 944 apertissime
944 891 984 932 in
1026 891 1246 945 euangelio
1287 891 1482 932 uidemus
1522 904 1670 945 porcos

141 961 191 1003 ad
224 975 349 1003 usum
383 961 666 1004 desideratum
706 974 930 1004 concessos
971 975 1065 1003 esse
1105 962 1396 1004 daemonibus.
1435 962 1514 1004 hoc
1546 965 1588 1003 et
1623 962 1672 1003 de

141 1033 307 1073 homine
339 1035 453 1074 recte
486 1046 714 1085 possumus
748 1033 916 1074 dicere?
950 1033 1103 1074 animal
1136 1037 1201 1075 est
1233 1033 1341 1074 enim
1370 1033 1444 1074 sed
1471 1033 1672 1075 rationale

141 1104 222 1145 etsi
253 1105 442 1146 mortale.
475 1105 613 1146 anima
640 1107 704 1145 est
730 1104 947 1146 rationalis
974 1104 1014 1145 in
1043 1104 1127 1145 illis
1154 1105 1369 1154 membris,
1404 1118 1509 1158 quae
1542 1105 1672 1146 tantis

141 1175 441 1216 afflictionibus
481 1188 636 1229 poenas
680 1175 775 1217 luit.
821 1175 924 1217 deus
970 1176 1105 1217 bonus
1146 1178 1224 1225 est,
1271 1175 1374 1217 deus
1412 1176 1554 1217 iustus
1593 1178 1671 1224 est,

142 1247 243 1289 deus
295 1246 560 1300 omnipotens
611 1251 694 1291 est:
747 1247 824 1288 hoc
877 1247 1067 1288 dubitare
1119 1247 1286 1288 omnino
1338 1247 1542 1288 dementis
1593 1249 1672 1287 est.

141 1319 355 1359 tantorum
393 1330 491 1371 ergo
531 1317 750 1367 malorum,
792 1330 898 1371 quae
936 1318 1043 1358 fiunt
1079 1317 1120 1358 in
1153 1318 1356 1370 paruulis.
1397 1330 1525 1358 causa
1561 1317 1672 1358 iusta

143 1389 315 1430 dicatur.
361 1401 509 1442 nempe
549 1401 645 1430 cum
685 1389 864 1430 maiores
904 1389 986 1430 ista
1030 1389 1259 1442 patiuntur,
1307 1389 1491 1430 solemus
1537 1388 1673 1429 dicere

261 1565 281 1598 9
309 1564 440 1598 Matth.
466 1564 499 1601 8,
528 1564 684 1600 31—32;
711 1563 820 1598 Marc.
849 1566 881 1602 5,
911 1564 1067 1604 12—13;
1096 1563 1180 1598 Luc.
1208 1568 1239 1603 Η,
1267 1564 1408 1598 32—33

193 1670 209 1703 1
240 1669 410 1704 deficiant
434 1669 502 1703 HI
526 1669 695 1704 deficient
721 1669 800 1704 edd.
826 1672 971 1714 praeter
997 1681 1020 1703 a
1153 1670 1174 1703 2
1201 1668 1676 1713 debilitantur—patiantur

144 1739 212 1763 om.
236 1729 273 1764 R
329 1727 349 1760 3
376 1729 420 1762 ab
449 1728 634 1773 spiritibus
660 1729 843 1763 inmundis
871 1729 906 1762 P
930 1741 948 1763 a
976 1729 1165 1774 spiritibus
1192 1727 1374 1762 inmundis
1403 1728 1451 1761 Ρ3
1503 1729 1525 1761 4
1552 1728 1674 1771 itaque

144 1788 179 1822 B
275 1799 345 1825 mo,
373 1799 438 1822 rec.
465 1799 509 1822 m.
537 1787 642 1822 modo
673 1788 691 1821 Ι
790 1789 877 1822 istas
904 1788 954 1822 P3
1069 1788 1142 1822 ulla
1168 1799 1235 1823 om.
1264 1788 1314 1821 P³
1410 1798 1473 1821 sua
1499 1797 1566 1820 om.
1592 1785 1674 1820 MA

191 1858 255 1881 sua
280 1847 385 1887 mala.
413 1859 456 1882 m.
486 1849 511 1882 2
537 1848 592 1881 sui
619 1847 703 1881 mali
731 1847 760 1882 S
880 1848 900 1881 5
927 1848 996 1881 iste
1030 1847 1060 1880 V
1173 1846 1246 1881 dici
1272 1858 1337 1880 om.
1364 1846 1497 1880 P¹MA
1613 1848 1675 1879 aut

144 1916 211 1940 om.
241 1906 271 1940 C
413 1909 433 1939 6
473 1906 536 1941 illa
562 1907 650 1941 PP³
806 1907 824 1940 ’ἶ
864 1907 950 1950 sare,
987 1918 1033 1940 m.
1072 1909 1091 1940 1
1128 1917 1219 1942 corr.
1259 1906 1374 1940 facere
1399 1903 1448 1939 P¹
1617 1903 1675 1938 uel

144 1975 212 2000 om.
240 1966 314 1999 HA
460 1966 698 2011 nmquidnam
726 1967 750 2007 (i
779 1978 823 2000 m.
851 1968 876 2000 2
901 1977 1017 2010 supra
1043 1969 1132 2007 ras.)
1160 1965 1190 2000 S
1213 1965 1471 2008 numquillnam
1498 1963 1545 1997 Ρ1
1572 1974 1673 1997 num-

145 2023 230 2068 quid
256 2036 325 2059 non
354 2025 388 2059 Β
486 2025 506 2059 8
534 2025 768 2059 inrationalia
796 2025 919 2059 HPM
1038 2025 1111 2059 usis
1138 2023 1278 2058 HP¹M
1301 2026 1358 2067 (m.
1386 2026 1411 2057 2
1435 2026 1536 2063 usus)
1563 2022 1674 2064 husis,

144 2093 234 2117 corr.
260 2083 365 2118 buius
392 2084 418 2117 I
441 2095 518 2122 usu.
544 2095 589 2118 m.
618 2086 643 2118 2
670 2092 746 2118 usu·
781 2083 814 2117 V
836 2090 902 2117 usu
927 2083 1000 2117 ΒΟ
1119 2083 1203 2117 data
1229 2084 1282 2125 (ta
1307 2093 1374 2116 rec.
1401 2093 1446 2117 m.
1473 2081 1513 2115 in
1538 2082 1627 2122 ras.)
1653 2080 1678 2113 I

186 2152 257 2185 pro
284 2142 422 2175 naturis
448 2143 612 2186 spatium
638 2144 684 2176 12
705 2142 727 2176 l.
754 2152 912 2176 uacuum
934 2142 960 2175 I
984 2144 1142 2178 naturas.
1162 2153 1207 2175 m.
1228 2143 1253 2174 2
1273 2140 1411 2174 naturis
1430 2139 1471 2174 K
1543 2139 1673 2173 cellen-

144 2200 307 2236 tioribus.
333 2212 377 2235 m.
407 2204 432 2234 2
458 2200 772 2235 excellentioribus
799 2201 834 2234 B
938 2201 959 2234 9
987 2204 1022 2234 et
1049 2200 1255 2234 saeuitiosis
1282 2199 1354 2234 BR
1381 2201 1418 2232 et
1443 2197 1626 2232 seuitiosis
1653 2197 1679 2230 J

145 2261 181 2293 et
207 2259 283 2294 sine
310 2271 418 2294 causa
445 2259 588 2294 uitiosis
618 2260 647 2293 (J
718 2271 846 2305 porcus
873 2258 921 2293 P¹
975 2260 1017 2293 10
1044 2258 1267 2293 desideratos
1293 2259 1328 2294 B
1354 2257 1618 2292 consideratum
1642 2256 1674 2289 G

193 2330 269 2352 esse
297 2329 485 2352 concessos
516 2318 550 2352 G
577 2329 767 2352 concessus
796 2328 873 2351 esse
900 2317 947 2351 12¹
1063 2319 1100 2350 et
1125 2328 1193 2351 om.
1219 2316 1256 2351 R
1355 2316 1393 2350 11
1425 2314 1489 2349 sed
1515 2326 1558 2348 m.
1585 2317 1610 2348 2
1637 2315 1672 2348 in

145 2388 218 2412 ras.
245 2377 286 2411 K
454 2377 670 2411 rationabile
697 2377 732 2410 B
892 2377 934 2410 12
962 2375 1270 2410 etsi—rationalis
1295 2374 1401 2418 infra
1426 2378 1477 2408 est
1501 2374 1541 2407 in
1566 2385 1602 2408 u.
1630 2375 1676 2407 16

139 2440 224 2480 post
249 2436 319 2470 ista
344 2436 380 2470 B
461 2437 528 2470 etsi
555 2437 601 2481 (si
628 2440 737 2477 eras.)
766 2436 786 2469 1
861 2435 1028 2479 mortale]
1054 2435 1205 2468 mortale
1232 2437 1287 2468 est
1313 2434 1362 2467 Ρ3
1459 2432 1590 2467 animal
1618 2433 1678 2466 ΡΙ

193 2497 262 2540 est]
291 2499 347 2530 est
372 2495 426 2530 illi
456 2495 489 2529 G
629 2495 817 2529 rationalis
844 2495 883 2527 in
904 2494 984 2538 fine
1008 2505 1042 2527 u.
1072 2504 1138 2527 om.
1165 2492 1216 2527 P²
1241 2492 1443 2528 rationalis,
1467 2503 1511 2526 m.
1539 2494 1558 2524 1
1583 2502 1673 2525 corr.

146 2555 321 2588 rationale
347 2555 382 2589 Ρ
406 2555 594 2589 rationalis
621 2566 664 2589 ea:
689 2554 864 2588 rationale
895 2554 917 2587 I
991 2553 1034 2587 13
1062 2552 1312 2587 affectionibus
1339 2553 1372 2586 A
1470 2551 1551 2593 luit,
1579 2561 1622 2583 m.
1650 2552 1676 2583 2

145 2613 247 2648 luunt
275 2614 309 2647 B
335 2614 430 2658 lugit
455 2613 523 2647 HI
547 2614 601 2654 (in
627 2624 739 2657 mary.
767 2613 891 2654 solbit)
918 2613 1022 2646 luunt
1047 2612 1082 2646 R
1208 2611 1324 2645 iustus
1352 2610 1419 2654 est]
1448 2610 1562 2643 iustus
1583 2626 1599 2640 ο
1625 2609 1675 2642 1³³

149 2673 191 2706 14
218 2673 313 2706 omni
338 2672 443 2707 modo
469 2672 650 2708 KVSRC
725 2673 766 2706 15
794 2674 887 2707 sunt.
915 2682 959 2704 m.
987 2673 1013 2704 2
1038 2671 1129 2705 fiunt
1157 2670 1189 2705 G
1288 2670 1359 2703 ista
1385 2668 1432 2702 M
1518 2670 1558 2702 16
1586 2667 1673 2701 diei-

146 2733 205 2766 tur
229 2732 264 2766 P
288 2732 467 2767 iudicatur
491 2733 542 2767 Ρ·Ὶ
709 2732 781 2766 ista
807 2731 874 2765 etsi
901 2730 1052 2765 mortale
1078 2733 1136 2773 (m.
1164 2733 1190 2764 2
1214 2729 1396 2770 mortales)
1424 2728 1600 2761 anirnaest
1626 2731 1673 2769 (st

147 2801 190 2824 m.
219 2793 243 2824 2
268 2791 351 2834 del.)
378 2791 565 2826 rationalis
593 2792 799 2836 partiuntur
824 2794 898 2834 (pr.
927 2801 942 2824 r
967 2802 1012 2824 m.
1041 2792 1067 2823 2
1091 2789 1175 2830 del.)
1203 2788 1255 2830 B;
1283 2790 1327 2831 cs.
1356 2798 1391 2821 u.
1419 2789 1466 2820 12
