1952 3118
181 1084 234 1125 18

269 106 353 145 466
749 102 783 134 S.
824 102 1004 134 Aureli
1045 102 1331 145 Augustini

269 230 519 270 dominum
541 231 776 271 nostrum.
797 229 921 270 modo
944 242 1039 270 011111
1059 229 1250 270 dixisset:
1280 230 1342 271 Ut
1364 243 1504 283 quem
1527 231 1582 271 ad
1603 231 1796 272 modum

269 301 504 355 regnauit
535 303 799 354 peccatum
833 301 879 341 in
907 303 1076 350 morte,
1104 313 1183 341 non
1211 301 1269 341 ait
1301 305 1387 354 ‘per
1414 315 1542 342 unum
1570 303 1798 343 hominem’

268 374 341 412 aut
374 375 459 424 ‘per
494 371 676 423 primum
703 370 931 412 hominem‘
966 374 1038 411 aut
1070 372 1156 422 ‘per
1181 371 1341 422 Adam‘‚
1376 371 1472 424 quia
1504 372 1586 412 iam
1621 373 1797 414 dixerat:

268 443 360 483 Lex
390 440 718 490 subintranit,
746 445 801 482 ut
828 442 1104 482 abundaret
1132 442 1384 493 delictum,
1415 456 1518 495 quae
1546 444 1800 487 abundantia

269 513 413 554 delicti
448 526 525 554 non
562 514 741 565 pertinet
774 513 824 554 ad
857 513 980 566 primi
1014 513 1196 554 hominis
1230 515 1498 568 propaginem
1528 516 1599 556 sed
1629 516 1678 557 ad
1707 529 1798 557 0011-

266 584 517 626 uersationis
563 585 769 625 humanae
815 584 1231 637 praeuaricationem.
1276 598 1379 637 quae
1418 585 1481 626 illi
1520 586 1589 626 uni
1632 587 1798 630 delicto.

269 668 349 708 quo
380 656 468 696 solo
498 656 689 696 obstricti
718 658 913 696 tenentur
938 656 1132 704 infantes,
1160 656 1241 696 iam
1271 656 1310 697 in
1332 656 1561 698 maioribus
1590 658 1799 698 aetatibus

268 740 313 767 ex
348 727 603 768 abundantia
636 727 873 780 iniquitat-is
909 727 1072 768 adiecta
1105 730 1179 768 est.
1214 727 1286 767 sed
1321 728 1515 780 quoniam
1542 728 1620 769 1100
1647 731 1799 770 totum.

269 798 394 838 etiam
425 798 536 851 quod
562 811 642 839 non
671 798 851 850 pertinet
877 798 926 838 ad
947 798 1063 839 illius
1090 798 1214 839 unius
1244 799 1388 839 delicti
1417 799 1633 852 originem,
1661 802 1799 840 tamen

267 870 417 911 idonea
457 873 521 910 est
559 870 723 911 soluere
763 870 894 924 gratia
937 870 1175 920 saluatoris,
1216 870 1323 919 ideo„
1364 883 1457 911 011111
1493 870 1685 912 dixisset:
1722 871 1798 912 Si(-
1828 884 1860 907 10

269 944 315 982 et
367 942 528 995 gratia
579 943 756 994 regnet
806 954 889 994 per
940 941 1194 982 iustitiam
1239 941 1285 981 in
1329 942 1484 982 uitam
1537 944 1799 984 aeternam.

270 1013 452 1053 addidit:
488 1013 578 1053 Per
611 1013 774 1054 Iesum
811 1012 1065 1054 Christum
1100 1013 1348 1053 dominum
1382 1014 1621 1054 nostrum.

327 1083 497 1125 Nullius
527 1084 667 1136 itaque
696 1084 1080 1137 argumentationes
1115 1086 1260 1124 eontra
1285 1084 1387 1125 haee
1416 1084 1649 1137 apostoliea
1675 1085 1801 1125 uerba

268 1156 455 1209 prolatae
494 1155 725 1208 impediant
764 1156 965 1208 paruulos
1000 1155 1050 1195 ad
1084 1155 1278 1205 salutem,
1318 1168 1423 1208 quae
1463 1158 1528 1196 est
1559 1155 1599 1195 in
1635 1155 1800 1197 Christo

268 1227 366 1267 lesu
402 1227 569 1267 domino
604 1212 766 1273 nostro:
801 1228 917 1267 tanto
951 1227 1087 1280 magis
1118 1227 1225 1267 enim
1253 1239 1324 1279 pro
1355 1227 1413 1267 eis
1442 1227 1557 1279 loqui
1585 1227 1799 1277 debemus,
1828 1240 1859 1263 15

271 1301 425 1351 quanto
459 1298 541 1350 ipsi
574 1310 646 1350 pro
681 1311 724 1339 se
756 1298 875 1350 loqui
906 1311 985 1339 non
1018 1301 1209 1351 possunt.
1252 1311 1336 1350 per
1374 1311 1518 1338 unum
1554 1297 1799 1338 hominem

270 1370 486 1410 intrauit
525 1372 788 1421 peecatum
822 1369 867 1408 in
902 1369 1134 1409 mundum
1169 1371 1216 1409 et
1250 1381 1331 1420 per
1368 1371 1631 1421 peecatum
1673 1382 1799 1409 mors

271 1443 318 1481 et
361 1440 433 1481 ita
472 1440 517 1480 in
559 1453 724 1481 omnes
770 1439 998 1480 homines
1045 1439 1355 1492 pertransiit,
1403 1440 1449 1479 in
1496 1452 1588 1492 quo
1636 1453 1799 1480 omnes

271 1514 621 1565 peccauerunt.
657 1512 768 1552 siout
802 1512 850 1552 ab
884 1511 956 1552 illo
985 1524 1068 1552 uno
1096 1511 1263 1552 homine
1291 1511 1350 1551 sio
1379 1511 1428 1551 ab
1458 1511 1601 1551 eodem
1628 1513 1800 1563 peccato

269 1583 449 1623 infantes
489 1583 699 1623 immunes
740 1595 831 1623 esse
871 1596 949 1623 non
995 1585 1187 1636 possunt,
1234 1582 1314 1623 nisi
1353 1582 1402 1622 ab
1444 1582 1533 1623 eius
1572 1584 1690 1622 reatu
1730 1595 1803 1635 per
1829 1596 1862 1620 20

274 1653 431 1695 Christi
464 1653 724 1707 baptismum
751 1654 1029 1696 resoluantur.
1064 1666 1220 1706 usque
1255 1653 1382 1694 enim
1416 1653 1471 1693 ad
1504 1654 1664 1706 legem
1698 1666 1801 1707 pec-

270 1727 435 1766 eatum
476 1726 522 1765 in
562 1725 740 1766 mundo
780 1726 890 1765 fuit.
936 1737 1014 1766 non
1056 1725 1154 1778 quia
1192 1725 1386 1777 deinceps
1426 1725 1467 1765 in
1506 1725 1670 1765 nemine
1708 1725 1801 1773 fuit,

273 1797 350 1838 hoo
380 1797 537 1838 dietum
568 1800 642 1848 est,
677 1797 750 1838 sed
777 1797 875 1849 quia
901 1810 980 1837 non
1007 1799 1170 1850 poterat
1195 1809 1269 1849 per
1290 1796 1476 1837 litteram
1502 1796 1609 1850 legis
1637 1796 1802 1847 auferri7

271 1867 385 1921 quod
419 1868 508 1909 solo
541 1870 707 1921 poterat
739 1868 889 1921 spiritu
924 1868 1095 1922 gratiae.
1130 1880 1180 1908 ne
1214 1867 1435 1920 quisquam
1472 1880 1568 1921 ergo
1596 1867 1726 1908 fidens
1755 1867 1803 1908 de

274 1939 435 1980 uiribus
470 1951 550 1979 non
585 1938 675 1980 dioo
711 1939 943 1980 uoluntatis
984 1939 1057 1980 sed
1094 1939 1235 1992 potius
1269 1939 1468 1979 uanitatis
1504 1951 1604 1979 suae
1638 1941 1803 1991 putaret
1829 1950 1861 1974 Ξῖ»

273 2010 404 2051 libero
452 2009 620 2050 arbitrio
665 2010 802 2064 legem
854 2010 1044 2062 potuisse
1097 2010 1289 2051 sufficere
1336 2013 1375 2050 et
1422 2009 1576 2051 Christi
1627 2010 1801 2064 gratiam

398 2151 454 2191 163
484 2149 525 2183 ‘21
555 2149 655 2183 Rom.
685 2150 716 2185 Γ».
747 2149 883 2183 12—1:-3

318 2233 343 2266 ⁴2
371 2233 406 2266 in
434 2234 547 2266 morte
575 2235 631 2275 (jv
659 2244 703 2266 w.
735 2236 771 2266 nt
796 2233 873 2266 w'd.
903 2235 940 2274 2>
974 2232 1002 2266 (J
1128 2233 1147 2266 3
1176 2233 1237 2265 aut
1263 2243 1325 2277 per
1351 2232 1501 2276 primum
1529 2231 1708 2265 hominem
1737 2242 1803 2264 om.

271 2293 355 2328 edd.
383 2296 534 2336 praeter
564 2303 597 2325 m
745 2294 805 2326 aut
831 2291 889 2325 ΗΝ]
914 2292 1065 2336 primuni
1102 2295 1189 2326 (ras,
1229 2294 1322 2325 1—:3
1355 2292 1389 2333 l.)
1428 2291 1457 2325 Ο
1495 2294 1557 2324 aut
1588 2291 1740 2335 primuni
1779 2292 1807 2323 (ἶ

276 2355 296 2387 ὅ
324 2352 631 2397 praeuaricatione
658 2352 692 2384 Ι)
848 2351 981 2385 (10110111
1008 2352 1043 2384 VI’
1187 2352 1204 2384 Τ
1232 2353 1398 2384 tenentes
1427 2353 1484 2392 (m.
1513 2352 1537 2384 „9
1562 2352 1744 2392 tenentur)
1776 2350 1807 2382 T

277 2416 297 2446 8
326 2413 443 2446 aieota
473 2412 503 2444 P
622 2411 660 2444 11
690 2411 726 2444 in
754 2411 831 2444 uita
859 2413 1004 2444 aeterna
1034 2410 1137 2445 COT
1161 2410 1238 2444 edd.
1352 2410 1394 2443 13
1423 2410 1748 2453 argumentationis
1778 2409 1807 2441 ('

278 2475 384 2514 (corr.
413 2471 758 2515 argumentationes)
789 2470 818 2503 O
912 2471 955 2503 14
981 2470 1149 2514 paruulus
1177 2470 1212 2502 P
1307 2469 1351 2503 ad
1379 2470 1494 2503 salute
1525 2469 1553 2502 (J
1577 2468 1613 2505 (d
1640 2470 1745 2510 eras.)
1777 2468 1805 2501 Ο

279 2531 323 2564 16
348 2531 436 2575 ipse,
464 2542 508 2566 m.
537 2533 554 2562 1
580 2540 670 2564 corr.
699 2530 768 2574 ipsi
795 2530 829 2562 ]›
897 2530 938 2562 17
965 2532 1150 2574 peccatum
1178 2529 1327 2562 intrauit
1353 2529 1385 2562 T
1452 2529 1493 2561 18
1521 2528 1754 2572 pertransiuit
1775 2528 1807 2560 1*

274 2589 324 2623 20
350 2590 527 2622 innnunos
558 2589 589 2621 'I'
699 2588 742 2621 ab
772 2589 846 2621 eius
874 2590 973 2621 reatu
1000 2588 1069 2621 nisi
1100 2588 1131 2620 I’
1226 2588 1267 2620 21
1298 2587 1341 2621 ad
1368 2588 1447 2631 lege
1476 2587 1509 2619 I'
1604 2587 1647 2619 22
1675 2586 1744 2619 fuit
1769 2587 1803 2620 in

279 2648 410 2682 mundo
444 2648 476 2681 T
560 2648 605 2681 ‘24
632 2648 746 2681 solum
773 2647 807 2680 L
893 2647 937 2679 25
964 2650 1090 2691 putare
1119 2647 1152 2679 1’
1241 2647 1285 2680 ‘20
1313 2647 1429 2691 legem
1456 2646 1616 2690 potuisse
1645 2645 1804 2679 sufficen—

279 2709 427 2743 arbitrio
459 2709 491 2742 T
