1952 3118
661 184 1012 230 epistularum
1046 184 1185 222 CLXII.
1602 189 1687 230 519

159 314 219 355 ita
252 326 346 354 cum
382 312 562 354 dicimus
596 325 676 354 non
708 326 834 366 posse
868 314 1002 356 uideri
1034 314 1168 355 oculis
1202 314 1427 368 corporeis,
1458 326 1537 356 non
1569 315 1686 357 latet.

161 384 234 425 sed
279 386 395 436 patet
446 384 550 425 ratio
601 383 706 425 bene
756 384 1118 439 intellegentibus,
1171 398 1253 438 qua
1303 385 1573 439 perspicuum
1625 388 1691 428 est

161 455 286 496 deum
331 467 481 508 corpus
527 467 606 496 non
653 467 745 496 esse
791 468 866 496 nec
917 455 1078 508 aliquid
1129 456 1263 498 oculis
1315 457 1525 509 corporeis
1577 456 1688 498 cerni

159 539 298 580 posse.
339 526 418 567 nisi
452 525 562 578 quod
595 525 774 567 alicuius
807 526 1018 567 interualli
1051 527 1370 580 interpositione
1410 529 1613 575 cernatur,
1647 527 1690 569 id

13 628 17 645 ,
118 612 134 636 5
160 599 300 638 autem
333 609 412 637 non
446 597 527 638 nisi
559 609 711 649 corpus
745 609 836 638 esse
870 609 1047 650 eamque
1080 597 1376 641 substantiam,
1418 610 1523 651 quae
1555 599 1692 640 minor

159 668 214 710 sit
250 668 291 708 in
330 669 446 720 parte
487 680 612 721 quam
650 668 690 709 in
728 669 834 718 toto,
881 667 991 721 quod
1031 668 1081 709 de
1121 668 1197 709 deo
1238 668 1403 710 credere
1442 669 1556 710 nefas
1596 682 1690 711 esse

160 739 283 780 debet
316 738 441 780 etiam
475 739 554 787 his,
589 739 660 792 qui
692 739 771 780 hoc
803 739 1049 793 intellegere
1081 739 1266 780 nondum
1301 740 1455 781 ualent.

11 815 16 882 ἱ
68 807 97 847 9
218 810 340 851 Latet
370 809 475 850 ratio
510 810 770 851 diuersarum
811 809 1191 851 commutationum
1225 810 1453 852 celeritatis
1487 823 1533 852 ac
1566 811 1691 852 tardi-

158 881 258 922 tatis
298 881 338 921 in
377 881 565 922 motibus
611 893 830 934 corporum
871 881 914 922 et
958 880 1237 934 corporalium
1282 881 1551 934 qualitatum.
1596 882 1691 924 hinc

99 969 132 995 ιο
158 954 224 994 est
268 952 453 993 omnium
499 952 734 993 uisibilium
780 951 890 993 silua
932 951 1248 993 miraculorum.
1299 952 1507 1005 numquid
1552 957 1690 994 tamen

157 1023 250 1064 ideo
285 1024 389 1064 latet
422 1036 514 1064 esse
548 1035 735 1076 corpora.
769 1022 920 1063 habere
946 1035 1022 1063 nos
1050 1035 1216 1076 corpus,
1249 1023 1413 1064 nullum
1446 1036 1538 1065 esse
1566 1037 1692 1077 quan-

157 1096 482 1148 tulumcumque
526 1095 839 1148 corpusculum,
892 1094 1003 1148 quod
1053 1107 1134 1135 non
1184 1107 1258 1149 pro
1311 1107 1386 1136 suo
1437 1095 1561 1151 modo
1606 1095 1693 1136 loci

160 1168 339 1220 occupet
377 1166 560 1220 spatium
599 1178 674 1207 nec
706 1166 746 1206 in
782 1178 844 1215 eo,
885 1165 994 1218 quod
1027 1167 1219 1218 occupat,
1258 1165 1417 1219 ubique
1451 1166 1507 1208 sit
1538 1168 1690 1216 totum,

160 1237 232 1278 sed
276 1237 415 1278 minus
461 1237 518 1278 sit
555 1237 594 1278 in
640 1238 756 1290 parte
802 1250 927 1290 quam
971 1236 1010 1277 in
1057 1238 1176 1278 toto‘?
1221 1237 1324 1278 haec
1371 1237 1566 1290 quoniam
1610 1250 1689 1279 non

100 1325 132 1349 15
159 1308 305 1357 latent,
351 1308 417 1349 bis
456 1307 711 1350 contexenda
752 1309 850 1349 sunt
894 1307 1206 1361 consequentia,
1253 1307 1365 1361 quod
1409 1321 1518 1349 nunc
1556 1308 1692 1349 facere

158 1379 282 1420 nimis
314 1379 488 1434 longum
525 1381 602 1428 est,
638 1379 791 1433 quibus
825 1378 1072 1420 ostendatur
1097 1391 1177 1420 non
1204 1379 1407 1421 rationem
1441 1380 1585 1429 latere,
1619 1379 1693 1420 sed

157 1451 360 1492 rationem
406 1450 572 1492 omnino
617 1450 777 1491 nullam
823 1463 928 1500 esse,
975 1462 1057 1503 qua
1102 1449 1214 1491 credi
1258 1449 1406 1492 debeat
1450 1450 1519 1491 uel
1557 1450 1695 1504 possit

157 1521 347 1576 intellegi
381 1521 520 1568 deum,
561 1522 631 1574 qui
664 1522 822 1575 ubique
854 1524 971 1563 totus
1006 1523 1071 1563 est
1103 1534 1177 1563 nec
1215 1534 1289 1576 per
1326 1521 1460 1575 spatia
1500 1521 1692 1563 locorum

159 1606 355 1647 corporea
398 1594 509 1634 mole
555 1592 816 1635 diffunditur.
869 1593 909 1634 in
956 1605 1038 1646 qua
1081 1605 1254 1634 necesse
1305 1593 1458 1633 habeat
1501 1592 1692 1646 partibus

94 1680 130 1706 20
158 1664 385 1706 maioribus
420 1664 738 1717 minoribusque
772 1666 973 1715 constare,
1006 1663 1118 1706 cerni
1153 1663 1363 1717 corporeis
1391 1663 1525 1705 oculis
1552 1675 1691 1718 posse.

157 1735 266 1777 unde
304 1736 426 1789 plura
464 1735 661 1785 dicerem,
701 1735 736 1776 si
769 1735 848 1776 hoc
886 1735 926 1775 in
965 1734 1048 1776 ista
1088 1734 1272 1789 epistula
1310 1734 1610 1788 suscepissem,
1650 1733 1692 1775 in

158 1806 278 1847 cuius
312 1807 620 1861 longitudinem
647 1820 726 1848 non
754 1806 940 1848 sentiens
969 1818 1219 1860 progressus
1247 1819 1342 1848 sum
1370 1818 1499 1860 paene
1532 1805 1692 1847 oblitus

154 1878 480 1932 occupationum
519 1890 720 1920 mearum.
760 1878 820 1919 ita
857 1879 906 1919 ut
943 1877 1136 1928 fortasse,
1177 1877 1288 1931 quod
1327 1890 1407 1918 non
1447 1876 1690 1924 arbitrabar,

207 2074 221 2107 1
253 2084 330 2107 cum
357 2085 437 2117 om„
464 2085 508 2107 m.
538 2076 563 2107 2
589 2073 674 2107 adcl.
709 2073 743 2108 V
847 2075 934 2119 non]
964 2073 1069 2108 deum
1096 2085 1164 2108 non
1192 2073 1242 2108 P2
1352 2075 1510 2120 corporis
1538 2074 1695 2110 PP¹SV

153 2137 215 2175 (m.
245 2135 268 2167 -3
294 2134 450 2178 corporis
478 2133 597 2178 deum)
624 2132 716 2167 HP³
736 2145 759 2167 a
827 2134 847 2168 2
875 2137 931 2168 est
957 2133 1008 2168 eis
1036 2133 1139 2167 deum
1167 2132 1217 2167 1³2
1283 2133 1304 2167 3
1332 2134 1446 2168 oculis
1474 2135 1631 2180 corporis
1663 2135 1694 2168 V

156 2192 335 2237 corporeis
362 2191 475 2225 oculis
500 2191 550 2226 Pl
576 2191 655 2226 edd.
717 2193 740 2226 4
767 2191 961 2226 interualla
986 2191 1036 2226 Ρ2
1103 2192 1124 2226 6
1152 2203 1257 2237 quarn
1284 2193 1319 2227 in
1347 2193 1382 2226 in
1410 2196 1488 2227 toto
1515 2194 1691 2237 (alterum

156 2251 192 2284 in
218 2263 264 2286 m,
292 2255 316 2285 2
342 2251 424 2294 del.)
451 2250 499 2285 P¹
615 2250 729 2295 crede,
756 2262 846 2286 corr.
874 2250 970 2286 credi
1004 2251 1036 2284 V
1155 2253 1173 2286 7
1202 2253 1246 2286 iis
1263 2253 1395 2297 flrm
1510 2254 1607 2288 ualet
1636 2253 1685 2288 P²

153 2310 176 2344 8
204 2310 313 2344 late*t
344 2310 377 2343 V
489 2310 951 2354 celeritatis—qualitatum
979 2321 1045 2346 om.
1072 2310 1320 2345 PP¹SVHP³
1344 2311 1423 2347 edd.
1547 2313 1567 2346 9
1594 2313 1687 2349 binc.

155 2380 200 2403 m.
229 2371 254 2403 2
280 2374 314 2403 et
341 2369 425 2404 hinc
451 2369 498 2403 Ρι
525 2372 561 2403 et
586 2368 668 2403 hinc
696 2380 729 2402 m
822 2369 861 2403 11
892 2380 1031 2414 corpus,
1057 2381 1102 2404 m.
1131 2372 1156 2404 2
1181 2382 1308 2415 corpus
1335 2373 1372 2405 et
1398 2370 1446 2405 P¹
1474 2382 1622 2416 corpora
1652 2371 1695 2405 H

160 2429 201 2462 13
221 2430 386 2473 occupat]
408 2431 569 2474 occupet,
588 2439 631 2462 m.
653 2430 678 2462 2
698 2430 849 2473 occupat
863 2427 909 2461 Ρ1
990 2428 1038 2462 sit
1056 2428 1058 2473 ζ
1077 2445 1126 2462 n*
1146 2431 1261 2463 totum
1285 2429 1419 2473 (fuisse
1444 2429 1520 2465 uid.
1549 2430 1610 2472 sit)
1638 2430 1690 2463 Ρ3

160 2488 202 2522 15
228 2488 330 2530 latet,
357 2499 400 2524 m.
429 2491 454 2522 2
479 2487 595 2522 latent
621 2486 668 2521 Ρί
782 2488 821 2520 17
851 2499 918 2533 que
943 2487 993 2521 P2
1104 2488 1146 2522 18
1175 2487 1261 2522 deus
1292 2488 1331 2522 H
1450 2488 1510 2533 qui
1536 2489 1684 2533 ubique]

156 2547 357 2591 quibusque
390 2546 472 2580 PP¹
505 2550 563 2588 (m.
599 2548 624 2580 2
656 2546 715 2590 qui
749 2545 895 2590 ubique)
928 2546 957 2580 S
985 2548 1045 2590 (m.
1078 2548 1104 2580 2
1135 2546 1195 2590 qui
1228 2546 1316 2580 locis
1350 2546 1566 2591 quibusque)
1600 2546 1691 2580 ΗΡ3

204 2617 268 2640 nec
293 2617 360 2640 om.
387 2605 604 2639 PP¹VHP³
727 2605 768 2639 19
794 2604 887 2650 niolcg.
914 2615 958 2639 ex
983 2616 1075 2639 corr.
1101 2617 1145 2639 m.
1174 2607 1199 2638 2
1232 2604 1263 2637 V
1381 2605 1532 2639 diffundi
1559 2604 1692 2641 P²P²S

206 2676 350 2699 necesse
376 2666 469 2708 (esse
496 2676 539 2699 ex
564 2675 655 2700 corr.
683 2676 727 2699 m.
755 2666 793 2706 2)
827 2664 859 2696 V
970 2664 1016 2698 20
1043 2665 1139 2699 cerni
1165 2675 1232 2699 om.
1260 2664 1294 2698 P
1318 2665 1425 2707 cerni,
1452 2676 1496 2698 m.
1524 2667 1550 2699 2
1575 2665 1686 2700 cerni-

157 2735 225 2769 que
259 2724 291 2757 V
379 2723 421 2758 21
451 2724 487 2758 in
515 2724 669 2769 epistola
695 2724 766 2758 ista
791 2723 870 2757 edd.
969 2723 1013 2758 23
1041 2724 1324 2769 occupationem.
1351 2735 1394 2758 m.
1424 2726 1441 2757 1
1467 2734 1556 2759 corr.
1585 2735 1686 2758 occu-

158 2783 340 2827 pationum
374 2782 407 2816 V
500 2783 716 2817 arbitrabam
745 2782 871 2816 ΡΗΡ3
