1952 3118
646 192 996 236 epistularum
1037 192 1107 228 CL.
1142 193 1229 230 CLI.
1616 200 1702 241 383

175 321 374 375 loquarne
401 334 450 362 an
479 323 654 370 taceam,
681 320 964 362 indifferenter
989 322 1113 363 feras.
1148 335 1269 376 porro
1299 323 1397 376 quia
1423 337 1489 366 me
1516 325 1702 368 tacuisse

175 392 350 435 moleste
382 392 536 442 tulisti,
570 392 801 446 indignatio
835 392 917 433 ista.
951 392 1138 446 dignatio
1173 396 1250 435 est.
1303 408 1380 437 non
1427 396 1569 449 itaque
1614 399 1700 438 tam

175 463 293 505 doleo
319 476 385 504 me
411 477 490 504 non
518 463 775 517 praebuisse,
804 476 927 516 quam
956 464 1119 517 gaudeo
1152 467 1194 506 te
1222 467 1412 507 nostrum
1441 466 1700 509 desiderasse

174 547 417 576 sermonem.
451 547 546 575 nam
580 537 766 576 ueterem
800 534 981 576 amicum
1017 540 1071 580 et.
1106 536 1217 588 quod
1250 536 1324 578 abs
1365 540 1406 578 te
1451 539 1581 579 taceri
1626 538 1704 580 sedv

131 621 146 645 5
174 619 196 646 a
227 605 346 647 nobis
381 608 546 659 oportet
578 605 762 660 agnosci.
790 605 917 647 talem
953 618 1000 647 ac
1032 609 1196 648 tantuin
1225 607 1364 648 uirum
1398 608 1437 648 in
1466 609 1698 663 peregrinis

172 677 355 731 positum
391 677 587 730 curisque
612 676 793 731 publicis
826 677 1087 719 laborantem
1117 678 1229 731 quod
1262 678 1378 720 nullo
1421 679 1572 720 fuerim
1606 692 1700 721 con-

172 748 332 790 solatus
366 748 566 801 alloquio,
599 748 695 789 hinc
735 748 853 803 argui
898 749 1104 790 meruisse
1149 749 1298 791 honori
1341 750 1445 791 mihi
1493 752 1570 801 est,
1618 764 1697 792 non

170 820 358 861 maerori.
390 820 564 874 ignosce
597 820 729 874 igitur
754 820 895 874 agenti
923 820 1097 874 gratias,
1126 821 1238 874 quod
1269 834 1337 863 me
1370 821 1591 876 indignum
1618 835 1697 864 non

170 891 342 944 putasti,
377 891 443 932 cui
478 903 745 932 suscenseres
779 891 950 932 tacenti.
984 905 1093 933 nunc
1127 892 1238 933 enim
1270 892 1380 934 inter
1411 894 1476 934 tot
1509 895 1551 934 et
1583 894 1699 935 tanta

113 977 143 1003 ιο
170 962 337 1017 negotia
368 975 448 1004 non
482 965 556 1003 tua
589 962 661 1003 sed
692 962 876 1015 publica,
909 962 952 1003 id
986 965 1052 1004 est
1084 963 1271 1005 omnium
1299 977 1379 1005 non
1407 963 1545 1005 solum
1574 976 1697 1017 posse

170 1045 260 1074 esse
293 1045 373 1074 non
406 1045 615 1082 onerosaS,
649 1033 777 1073 immo
811 1045 892 1074 non
928 1034 1066 1074 solum
1101 1046 1297 1075 onerosas
1326 1046 1418 1075 esse
1451 1046 1531 1075 non
1558 1047 1696 1087 posse,

168 1117 314 1146 uerum
349 1104 474 1145 etiam
517 1107 657 1158 gratas
704 1116 796 1146 esse
840 1117 964 1157 posse
1010 1104 1172 1146 litteras
1219 1117 1335 1146 meas
1382 1105 1539 1146 credidi
1584 1106 1698 1147 beni-

169 1175 377 1218 uolentiae
410 1178 521 1224 tuae,
555 1188 637 1228 qua
670 1175 961 1217 excellentiam
995 1175 1142 1217 uincis.

55 1243 80 1284 2
228 1246 332 1289 Cum
368 1247 475 1288 enim
509 1247 766 1299 accepissem
801 1247 904 1288 milii
938 1259 960 1287 a
999 1247 1198 1288 fratribus
1246 1248 1471 1301 epistulam
1519 1249 1694 1290 missam

110 1335 141 1359 ιε,
167 1319 300 1360 sancti
334 1320 375 1378 et
400 1318 639 1371 praecipuis
672 1318 834 1359 meritis
866 1318 1092 1359 uenerandi
1125 1331 1255 1372 papae
1289 1319 1539 1369 Innocentii,
1568 1331 1692 1372 quam

165 1402 238 1443 per
262 1391 381 1431 tuam
402 1389 700 1443 praestantiam
723 1389 773 1430 ad
800 1401 866 1430 me
894 1389 1035 1430 datam
1057 1390 1182 1430 certis
1212 1389 1494 1432 declararetur
1514 1390 1694 1439 indiciis,

165 1461 257 1503 ideo
291 1463 450 1503 nullam
483 1465 600 1503 tuam
633 1461 829 1515 paginam
864 1461 990 1502 simul
1031 1461 1253 1502 adnectam
1293 1474 1386 1503 esse
1429 1463 1703 1514 putaueram*

168 1532 278 1586 quod
311 1532 519 1574 scribendi
553 1534 595 1574 et
625 1532 884 1574 rescribendi
917 1544 1017 1573 cura
1048 1532 1232 1574 nolueris
1267 1533 1533 1587 grauioribus
1567 1533 1692 1574 rebus

169 1606 399 1657 occupatus
433 1603 650 1657 obstringi.
684 1615 776 1644 nam
811 1604 958 1657 utique
999 1606 1323 1645 consentaneum
1368 1603 1607 1653 uidebatur,
1647 1605 1700 1644 ut·

110 1690 144 1716 20
170 1675 240 1728 qui
265 1674 368 1716 mihi
394 1677 479 1716 tam
503 1674 637 1716 sancti
664 1674 745 1716 uiri
773 1676 813 1715 et
838 1677 924 1715 tam
948 1677 1093 1716 sancta
1119 1674 1276 1727 scripta
1296 1675 1476 1729 perferre
1497 1674 1705 1729 dignatus·

169 1758 226 1797 es,
260 1759 307 1787 ea
341 1758 504 1787 sumere
539 1745 747 1786 adiunctis
780 1745 880 1787 tuis.
916 1745 1013 1786 hinc
1053 1757 1151 1800 ergo
1198 1747 1430 1787 statueram
1476 1758 1557 1787 non
1602 1758 1694 1787 esse

169 1817 281 1860 oneri
312 1817 466 1859 litteris
499 1817 604 1859 meis
638 1817 776 1858 animo
810 1820 896 1868 tuo,
923 1817 1005 1859 nisi
1038 1819 1152 1859 esset
1177 1829 1349 1858 necesse
1377 1815 1695 1858 commendandi

169 1889 347 1930 alicuius
393 1888 541 1944 gratia,
594 1888 660 1929 cui
705 1888 784 1930 hoc
828 1901 981 1943 negare
1028 1901 1108 1930 non
1159 1900 1329 1941 possem
1379 1887 1696 1929 intercessionis

169 1959 319 2009 officio,
355 1971 461 2013 quae
493 1959 603 2000 solet
633 1961 774 2000 nostra
806 1971 898 2000 esse
926 1958 1121 2000 omnibus
1150 1958 1405 2000 concedendi
1432 1957 1697 1999 consuetudo

113 2045 146 2071 25
171 2033 212 2071 et
243 2029 448 2084 quaedam
481 2029 604 2071 etiam
639 2029 880 2082 importuna
906 2042 985 2071 non
1019 2031 1159 2070 tamen
1192 2029 1451 2083 inprobanda
1477 2028 1694 2082 professio.

169 2101 310 2155 itaque
343 2101 442 2149 feei;
476 2114 571 2142 nam
605 2100 786 2141 amicum
813 2113 954 2142 meum
984 2100 1277 2143 commendaui
1302 2099 1555 2154 benignitati
1582 2102 1693 2149 tuae,

216 2322 236 2355 2
264 2320 426 2366 (lignatio
454 2321 523 2364 cst}
551 2319 754 2365 indignatio
782 2331 850 2353 non
880 2322 934 2353 est
970 2319 1040 2353 VU
1063 2319 1141 2354 edd.
1281 2320 1302 2353 6
1329 2318 1428 2353 nullo
1454 2318 1582 2353 fuerim
1611 2330 1695 2353 con-

171 2380 304 2415 solatus
332 2380 490 2425 alloquio
517 2380 599 2414 hinc
620 2379 722 2423 argui
743 2379 930 2423 meruisse}
954 2379 1144 2412 memoriae
1181 2379 1293 2413 uerim
1323 2377 1395 2412 VU
1410 2377 1488 2412 edd.
1542 2381 1561 2411 ὃ
1583 2377 1693 2422 quod}

172 2439 225 2473 cui
251 2438 284 2473 U
350 2439 393 2473 10
419 2449 522 2483 posse
544 2449 621 2472 esse
647 2449 716 2472 non
744 2448 925 2477 onerosas,
953 2437 1061 2471 immo
1087 2448 1157 2471 non
1185 2437 1298 2471 solum
1328 2448 1495 2471 onerosas
1523 2447 1598 2471 esse
1626 2448 1695 2470 non

171 2499 288 2543 posse]
317 2509 485 2533 onerosas
511 2509 581 2531 non
609 2508 686 2531 esse
719 2496 790 2530 VU
813 2497 891 2531 edd.
1002 2497 1044 2530 15
1071 2496 1204 2531 sanctis
1232 2496 1267 2530 P
1363 2496 1405 2530 16
1433 2495 1635 2530 declaratur
1667 2495 1701 2529 V

171 2559 227 2599 (m.
255 2560 280 2592 2
305 2557 569 2599 declarabatur)
600 2555 634 2591 U
657 2556 735 2591 edd.
862 2557 903 2590 125·
931 2555 1111 2590 scribendi
1136 2558 1267 2600 (postr.
1295 2556 1317 2590 l.
1345 2566 1388 2590 ea:
1414 2565 1504 2589 corr.
1533 2566 1576 2588 m.
1605 2557 1639 2597 1)
1664 2555 1703 2589 Ρ

171 2615 217 2651 20
240 2619 312 2651 tam
341 2628 408 2652 om.
437 2616 507 2651 VU
529 2616 609 2650 edd.
709 2618 745 2650 et
770 2618 843 2650 tam
872 2619 999 2649 sancta
1025 2626 1091 2649 om.
1122 2614 1189 2649 VU
1214 2614 1294 2649 edd.
1392 2614 1548 2659 perferre
1569 2613 1696 2658 digna-

171 2678 229 2709 tus
254 2676 307 2720 es]
341 2674 511 2720 dignatus
544 2685 580 2709 es
613 2674 699 2709 add.
733 2676 772 2709 m
802 2685 916 2719 mary.
950 2674 1099 2726 mitterer
1134 2673 1203 2707 VU
1233 2685 1250 2707 a·
1284 2673 1453 2718 dignatus
1487 2684 1524 2706 es
1557 2673 1606 2706 ls
1643 2671 1696 2706 di-

173 2737 303 2778 gnatus
329 2745 365 2768 es
393 2734 536 2768 mittere
564 2745 595 2767 m
716 2734 758 2768 21
787 2744 943 2767 sumeres
978 2732 1048 2767 VU
1070 2733 1146 2767 131·
1171 2743 1344 2767 sumerem
1372 2743 1406 2766 m
1527 2730 1699 2765 adiuncta

174 2803 250 2827 cum
275 2794 347 2828 tuis
379 2792 451 2827 VU
473 2793 552 2829 edd.
627 2793 671 2827 22
698 2793 840 2827 litteras
866 2804 963 2826 meas
998 2791 1068 2826 VU
1091 2792 1169 2826 edd.
1238 2793 1284 2826 24
1311 2790 1591 2826 concedentibus
1617 2790 1652 2824 P
