1844 3122
124 162 148 202 S
596 158 630 189 S.
670 155 851 189 Aureli
892 156 1179 198 Augustini

124 286 406 329 uenerandum
440 299 509 326 cor
539 287 661 325 tuum
702 287 740 325 et
781 284 855 324 deo
897 283 1083 324 dicatum
1124 284 1305 336 amplius
1344 285 1652 337 perturbemus.

124 360 266 400 sancto
294 356 411 397 fratri
443 358 584 396 nostro
613 355 696 395 tilio
731 357 802 394 tuo
830 354 1004 394 Piniano
1039 355 1179 395 nullus
1214 354 1263 395 ab
1291 355 1651 408 Hipponiensibus

124 432 263 471 metus
308 428 455 469 mortis
499 427 692 480 ingestus
739 427 816 473 est,
863 425 1029 466 etiamsi
1073 425 1179 466 forte
1227 426 1315 479 ipse
1359 427 1442 467 tale
1493 427 1653 480 aliquid

123 501 284 542 timuit:
332 513 425 539 nam
466 501 505 539 et
545 511 618 538 nos
665 497 973 547 metuebamus,
1013 509 1063 537 ne
1109 497 1158 537 ab
1205 497 1417 550 aliquibus
1462 498 1652 551 perditis,

125 572 195 623 qui
229 584 351 623 saepe
384 568 648 610 multitudini
677 569 843 609 occulta
876 567 1183 621 conspiratione
1215 568 1460 618 miscentur,
1492 570 1533 610 in
1565 570 1652 611 uio-

123 643 275 682 lentam
315 642 655 693 prorumperetur
694 639 911 679 audaciam
952 639 1171 680 occasione
1210 639 1431 681 seditionis
1468 640 1654 690 inuenta,

126 726 249 766 quam
278 712 397 753 uelut
422 711 536 752 iusta
562 710 849 764 indignatione
878 710 1117 751 concitaret.
1145 710 1233 760 sed,
1256 711 1367 751 sicut
1386 713 1484 764 post
1511 711 1654 751 audire

124 783 355 836 potuimus,
389 782 492 822 nihil
525 782 608 822 tale
642 794 664 821 a
698 793 908 834 quoquam
944 781 1104 822 dictum
1139 784 1204 822 est-
1235 782 1305 822 1101
1337 782 1546 823 111011111111.
1582 782 1655 823 sed

124 867 220 895 uere
254 855 294 894 in
321 854 490 893 fratrem
523 865 663 893 meum
692 852 891 906 Alypium
919 852 1053 892 multa
1087 852 1393 893 contumeliosa
1420 854 1461 893 et
1486 852 1655 906 indigna

124 925 373 974 clamabanh
403 937 423 964 a
451 936 531 976 quo
559 927 644 964 tam
672 923 834 977 ingenti
859 925 978 963 reatu
1005 923 1166 964 utinam
1193 936 1266 976 per
1296 924 1413 964 illius
1448 923 1653 965 orationes

125 997 361 1036 mereantur
400 995 577 1035 absolui.
625 1006 701 1047 ego
748 996 888 1035 autem
934 996 1031 1047 post
1071 994 1225 1047 primos
1267 1007 1409 1035 eorum
1451 995 1653 1035 clamores

124 1079 218 1107 cum
254 1067 312 1107 eis
348 1066 545 1107 dixissem
580 1066 629 1106 de
662 1065 735 1106 illo
768 1065 903 1106 inuito
937 1078 1016 1106 11011
1052 1065 1293 1115 ordinando,
1330 1079 1410 1119 qua
1447 1065 1530 1106 iam
1564 1078 1655 1118 pro-

126 1138 325 1178 missione
361 1137 576 1187 detinerer,
605 1138 730 1190 atque
764 1136 1028 1187 adiecissem,
1057 1137 1182 1189 quod,
1211 1137 1247 1178 si
1273 1150 1367 1178 mea
1392 1136 1472 1177 fide
1499 1136 1656 1178 uiolata

122 1209 244 1249 illum
278 1209 478 1249 haberent
515 1208 823 1262 presbyterum,
857 1221 923 1249 me
957 1208 1202 1261 episcopum
1239 1221 1319 1250 non
1357 1208 1570 1256 haberent,
1605 1207 1655 1247 ad

125 1283 265 1321 nostra
299 1280 502 1320 subsellia
532 1279 680 1321 relicta
712 1279 837 1320 turba
869 1279 1086 1320 redieram.
1120 1282 1210 1320 tum
1242 1279 1306 1320 illi
1345 1278 1654 1332 aliquantulum

124 1350 335 1403 inopinata
368 1364 460 1392 mea
491 1350 764 1403 responsione
793 1350 979 1391 cunctati
1007 1352 1133 1403 atque
1157 1350 1316 1391 turbati
1344 1350 1464 1391 uelut
1488 1349 1656 1390 flamma

126 1424 250 1463 uento
283 1422 503 1475 paululum
535 1434 679 1475 pressa
713 1421 861 1463 deinde
896 1423 1124 1474 coeperunt
1164 1422 1296 1463 multo
1337 1421 1553 1462 ardentius
1593 1433 1655 1461 ex-

124 1493 243 1534 citari
277 1493 563 1534 existimantes
596 1493 685 1534 fieri
718 1505 856 1546 posse,
889 1495 939 1533 ut
963 1493 1033 1533 uel
1065 1492 1169 1533 mihi
1203 1494 1519 1544 extorqueretur
1548 1491 1655 1532 illud

126 1577 205 1605 non
239 1577 404 1605 seruare
437 1564 690 1617 promissum
727 1565 796 1605 uel
828 1577 895 1605 me
920 1565 1088 1605 tenente
1115 1563 1313 1616 promissi
1338 1563 1463 1604 fidem
1497 1563 1545 1604 ab
1574 1562 1654 1603 alio

124 1635 322 1688 episcopo
369 1635 639 1676 ordinaretur.
686 1635 877 1676 dicebam
916 1648 1006 1690 ego,
1048 1634 1202 1688 quibus
1246 1636 1449 1688 poteram,
1488 1634 1560 1687 qui
1605 1633 1656 1674 ad

125 1718 199 1746 nos
238 1706 279 1746 in
320 1706 505 1748 absidem
546 1706 831 1748 honoratiores
872 1708 913 1747 et
951 1706 1164 1760 grauiores
1207 1705 1492 1754 ascenderant,
1525 1717 1602 1746 nec
1634 1717 1657 1745 a

125 1777 320 1830 promissi
365 1777 444 1818 fide
488 1791 554 1819 1110
599 1790 722 1832 posse
769 1777 976 1818 dimoueri
1020 1789 1095 1818 nec
1140 1777 1189 1817 ab
1236 1777 1316 1818 alio
1364 1777 1560 1829 episcopo
1614 1775 1655 1816 111

125 1848 303 1889 ecclesia
337 1848 441 1888 mihi
466 1849 620 1889 tradita
653 1849 734 1889 nisi
765 1862 832 1890 me
865 1849 1122 1902 interrogato
1157 1860 1202 1889 ac
1236 1848 1504 1901 permittente
1531 1859 1655 1900 posse

125 1918 324 1962 ordinari:
360 1919 471 1972 quod
504 1920 539 1960 si
572 1921 873 1973 permitterem,
908 1933 930 1961 a
962 1919 1041 1960 fide
1080 1919 1210 1960 nihilo
1252 1919 1389 1960 minus
1428 1918 1654 1960 deuiarem.

126 1989 329 2030 addebam
365 1990 489 2031 etiam
522 1991 626 2032 nihil
659 2004 728 2032 eos
761 1992 887 2041 110110,
923 1991 958 2032 si
992 1991 1252 2032 ordinaretur
1289 1990 1462 2039 inuitus,
1496 1989 1576 2030 nisi
1609 1992 1655 2030 ut

126 2061 344 2102 ordinatus
379 2062 632 2103 abscederet.
659 2063 722 2103 illi
749 2063 828 2104 hoc
860 2075 986 2115 posse
1012 2062 1101 2103 fieri
1127 2075 1207 2103 non
1242 2061 1479 2102 credebant.
1513 2061 1656 2101 multi-

126 2132 229 2173 tudo
262 2145 359 2173 uero
392 2146 465 2186 pro
507 2134 704 2187 gradibus
739 2134 971 2175 constituta
1008 2133 1212 2175 horrendo
1252 2134 1294 2174 et
1330 2132 1656 2187 perseuerantis-

126 2203 234 2244 simo
268 2203 495 2244 clamorum
523 2205 695 2245 fremitu
722 2205 761 2245 in
790 2205 933 2246 eadem
962 2206 1180 2246 uoluntate
1212 2204 1443 2257 persistens
1474 2204 1655 2245 incertos

128 2274 254 2314 animi
288 2275 534 2328 consiliique
561 2275 781 2316 faciebant.
816 2279 915 2317 tunc
948 2276 1021 2316 illa
1053 2276 1094 2316 in
1121 2276 1290 2316 fratrem
1318 2288 1458 2316 meum
1485 2274 1655 2327 indigna

126 2344 427 2394 clamabantur,
460 2348 559 2386 111110
594 2359 616 2386 a
648 2347 767 2387 nobis
802 2347 995 2401 grauiora
1027 2346 1296 2388 timebantur.

175 2460 195 2492 2
222 2460 368 2505 piniano
403 2460 436 2494 L*
530 2462 785 2506 ipponensibus
819 2463 891 2498 VU
914 2463 1206 2508 Hipponensibus
1234 2463 1313 2498 edd.
1401 2463 1421 2496 6
1448 2472 1654 2507 prorumpe-

126 2522 206 2552 rent
239 2519 271 2553 T
366 2521 383 2553 T
413 2521 635 2555 concitarent
667 2521 740 2554 Vlv
762 2533 795 2555 m
892 2525 1016 2566 po÷÷÷st
1042 2525 1091 2560 (te
1118 2523 1224 2565 eras.)
1257 2521 1291 2556 V
1387 2522 1429 2557 10
1457 2521 1653 2555 orationem

134 2578 205 2612 VU
260 2579 302 2612 15)
329 2579 592 2623 aliquantulum
620 2591 686 2614 om.
721 2581 792 2614 ΓῙῙ
846 2582 889 2615 16
915 2582 1160 2626 responsione]
1188 2581 1355 2626 opinione
1388 2581 1421 2615 U
1483 2581 1524 2614 17
1553 2591 1655 2625 cepe—

129 2640 212 2671 runt
238 2637 341 2672 codd.
446 2639 488 2672 ‘21
518 2650 583 2672 nee
610 2641 643 2683 al
674 2651 716 2673 ne
744 2652 763 2673 a
796 2641 829 2674 V
851 2643 910 2684 (m.
938 2643 962 2675 2
987 2652 1051 2675 nec
1079 2641 1111 2685 a)
1145 2641 1180 2675 U
1272 2641 1317 2675 23
1344 2651 1385 2675 ac
1410 2640 1655 2685 promittente,

125 2708 172 2730 m.
201 2699 225 2730 :2
251 2708 289 2730 ac
316 2698 548 2741 permittente
582 2698 611 2731 V
639 2702 746 2743 atque
774 2700 1007 2744 promittente
1041 2700 1074 2734 I*
1169 2701 1212 2734 ‘29
1238 2699 1397 2734 faciebat
1424 2699 1502 2733 eddi
1601 2699 1652 2733 111-

125 2756 239 2799 digna
265 2756 299 2789 in
327 2756 472 2790 fratrem
500 2768 616 2790 meum
651 2758 684 2792 ζ’

1683 939 1715 963 10

1683 1295 1713 1319 15

1682 1650 1714 1674 20

1683 2002 1715 2027 25

1681 2360 1715 2386 30
