<?xml version="1.0" encoding="UTF-8"?>
<!DOCTYPE html PUBLIC "-//W3C//DTD XHTML 1.0 Transitional//EN"
    "http://www.w3.org/TR/xhtml1/DTD/xhtml1-transitional.dtd">
<html xmlns="http://www.w3.org/1999/xhtml" xml:lang="en" lang="en">
 <head>
  <title>
</title>
<meta http-equiv="Content-Type" content="text/html;charset=utf-8" />
  <meta name='ocr-system' content='tesseract 3.04.00' />
  <meta name='ocr-capabilities' content='ocr_page ocr_carea ocr_par ocr_line ocrx_word'/>
</head>
<body>
  <div class='ocr_page' id='page_1' title='image "./corpusscriptorum44auguuoft_0175.png"; bbox 0 0 1924 3122; ppageno 0'>
   <div class='ocr_carea' id='block_1_1' title="bbox 116 964 148 987">
    <p class='ocr_par' dir='ltr' id='par_1_1' title="bbox 116 964 148 987">
     <span class='ocr_line' id='line_1_1' title="bbox 116 964 148 987; baseline 0 0"><span class='ocrx_word' id='word_1_1' title='bbox 116 964 148 987; x_wconf 84' lang='lat'>10</span> 
     </span>
    </p>
   </div>
   <div class='ocr_carea' id='block_1_2' title="bbox 117 1319 147 1345">
    <p class='ocr_par' dir='ltr' id='par_1_2' title="bbox 117 1319 147 1345">
     <span class='ocr_line' id='line_1_2' title="bbox 117 1319 147 1345; baseline -0.067 0"><span class='ocrx_word' id='word_1_2' title='bbox 117 1319 147 1345; x_wconf 82' lang='lat'>15</span> 
     </span>
    </p>
   </div>
   <div class='ocr_carea' id='block_1_3' title="bbox 59 1514 111 1555">
    <p class='ocr_par' dir='ltr' id='par_1_3' title="bbox 59 1514 111 1555">
     <span class='ocr_line' id='line_1_3' title="bbox 59 1514 111 1555; baseline 0 0"><span class='ocrx_word' id='word_1_3' title='bbox 59 1514 111 1555; x_wconf 90' lang='grc'>12</span> 
     </span>
    </p>
   </div>
   <div class='ocr_carea' id='block_1_4' title="bbox 115 1675 149 1701">
    <p class='ocr_par' dir='ltr' id='par_1_4' title="bbox 115 1675 149 1701">
     <span class='ocr_line' id='line_1_4' title="bbox 115 1675 149 1701; baseline 0 -3"><span class='ocrx_word' id='word_1_4' title='bbox 115 1675 149 1701; x_wconf 76' lang='lat'>20</span> 
     </span>
    </p>
   </div>
   <div class='ocr_carea' id='block_1_5' title="bbox 114 2031 148 2057">
    <p class='ocr_par' dir='ltr' id='par_1_5' title="bbox 114 2031 148 2057">
     <span class='ocr_line' id='line_1_5' title="bbox 114 2031 148 2057; baseline 0.029 -1"><span class='ocrx_word' id='word_1_5' title='bbox 114 2031 148 2057; x_wconf 78' lang='lat'>25</span> 
     </span>
    </p>
   </div>
   <div class='ocr_carea' id='block_1_6' title="bbox 696 180 1704 226">
    <p class='ocr_par' dir='ltr' id='par_1_6' title="bbox 696 180 1704 226">
     <span class='ocr_line' id='line_1_6' title="bbox 696 180 1704 226; baseline 0.007 -13"><span class='ocrx_word' id='word_1_6' title='bbox 696 180 1044 224; x_wconf 76' lang='lat' dir='ltr'>epistularum</span> <span class='ocrx_word' id='word_1_7' title='bbox 1083 180 1183 216; x_wconf 86' lang='lat' dir='ltr'>CXL.</span> <span class='ocrx_word' id='word_1_8' title='bbox 1622 187 1704 226; x_wconf 70' lang='grc'>163</span> 
     </span>
    </p>
   </div>
   <div class='ocr_carea' id='block_1_7' title="bbox 173 309 1708 2213">
    <p class='ocr_par' dir='ltr' id='par_1_7' title="bbox 174 309 1708 1503">
     <span class='ocr_line' id='line_1_7' title="bbox 178 309 1706 364; baseline 0.002 -14"><span class='ocrx_word' id='word_1_9' title='bbox 178 309 394 363; x_wconf 84' lang='lat' dir='ltr'>adoptaret</span> <span class='ocrx_word' id='word_1_10' title='bbox 438 310 546 351; x_wconf 84' lang='lat' dir='ltr'>filios</span> <span class='ocrx_word' id='word_1_11' title='bbox 598 310 828 351; x_wconf 90' lang='lat' dir='ltr'>hominum.</span> <span class='ocrx_word' id='word_1_12' title='bbox 882 313 1137 364; x_wconf 86' lang='lat' dir='ltr'>quapropter</span> <span class='ocrx_word' id='word_1_13' title='bbox 1187 312 1311 353; x_wconf 86' lang='lat' dir='ltr'>etiam</span> <span class='ocrx_word' id='word_1_14' title='bbox 1364 325 1458 354; x_wconf 86' lang='lat' dir='ltr'>cum</span> <span class='ocrx_word' id='word_1_15' title='bbox 1512 313 1706 355; x_wconf 81' lang='lat' dir='ltr'>dixisset:</span> 
     </span>
     <span class='ocr_line' id='line_1_8' title="bbox 178 381 1706 437; baseline 0.003 -16"><span class='ocrx_word' id='word_1_16' title='bbox 178 381 326 422; x_wconf 80' lang='lat' dir='ltr'>Dedit</span> <span class='ocrx_word' id='word_1_17' title='bbox 360 381 431 422; x_wconf 91' lang='lat' dir='ltr'>eis</span> <span class='ocrx_word' id='word_1_18' title='bbox 464 384 770 435; x_wconf 87' lang='lat' dir='ltr'>potestatem</span> <span class='ocrx_word' id='word_1_19' title='bbox 806 382 946 423; x_wconf 85' lang='lat' dir='ltr'>filios</span> <span class='ocrx_word' id='word_1_20' title='bbox 981 383 1057 423; x_wconf 86' lang='lat' dir='ltr'>dei</span> <span class='ocrx_word' id='word_1_21' title='bbox 1099 383 1227 433; x_wconf 85' lang='lat' dir='ltr'>fieri,</span> <span class='ocrx_word' id='word_1_22' title='bbox 1270 382 1525 437; x_wconf 90' lang='lat' dir='ltr'>modumque</span> <span class='ocrx_word' id='word_1_23' title='bbox 1565 384 1706 426; x_wconf 87' lang='lat' dir='ltr'>adiun-</span> 
     </span>
     <span class='ocr_line' id='line_1_9' title="bbox 176 452 1707 507; baseline 0.003 -16"><span class='ocrx_word' id='word_1_24' title='bbox 176 452 318 495; x_wconf 81' lang='lat' dir='ltr'>xisset,</span> <span class='ocrx_word' id='word_1_25' title='bbox 352 465 401 492; x_wconf 88' lang='lat' dir='ltr'>ne</span> <span class='ocrx_word' id='word_1_26' title='bbox 435 453 612 494; x_wconf 81' lang='lat' dir='ltr'>carnalis</span> <span class='ocrx_word' id='word_1_27' title='bbox 644 453 961 506; x_wconf 76' lang='lat' dir='ltr'>intellegeretur</span> <span class='ocrx_word' id='word_1_28' title='bbox 995 453 1208 503; x_wconf 74' lang='lat' dir='ltr'>natiuitas,</span> <span class='ocrx_word' id='word_1_29' title='bbox 1237 454 1349 507; x_wconf 89' lang='lat' dir='ltr'>quod</span> <span class='ocrx_word' id='word_1_30' title='bbox 1383 455 1547 496; x_wconf 89' lang='lat' dir='ltr'>scilicet</span> <span class='ocrx_word' id='word_1_31' title='bbox 1579 455 1639 497; x_wconf 88' lang='lat' dir='ltr'>eis</span> <span class='ocrx_word' id='word_1_32' title='bbox 1664 455 1707 496; x_wconf 90' lang='lat' dir='ltr'>id</span> 
     </span>
     <span class='ocr_line' id='line_1_10' title="bbox 176 523 1705 584; baseline 0.003 -22"><span class='ocrx_word' id='word_1_33' title='bbox 176 523 442 575; x_wconf 86' lang='lat' dir='ltr'>praestiterit.</span> <span class='ocrx_word' id='word_1_34' title='bbox 485 523 567 576; x_wconf 87' lang='lat' dir='ltr'>qui</span> <span class='ocrx_word' id='word_1_35' title='bbox 606 523 813 565; x_wconf 87' lang='lat' dir='ltr'>credunt</span> <span class='ocrx_word' id='word_1_36' title='bbox 851 524 897 565; x_wconf 89' lang='lat' dir='ltr'>in</span> <span class='ocrx_word' id='word_1_37' title='bbox 938 525 1131 565; x_wconf 87' lang='lat' dir='ltr'>nomine</span> <span class='ocrx_word' id='word_1_38' title='bbox 1177 525 1283 584; x_wconf 78' lang='lat' dir='ltr'>eius</span> <span class='ocrx_word' id='word_1_39' title='bbox 1329 527 1371 567; x_wconf 90' lang='lat' dir='ltr'>et</span> <span class='ocrx_word' id='word_1_40' title='bbox 1413 538 1486 579; x_wconf 92' lang='lat' dir='ltr'>per</span> <span class='ocrx_word' id='word_1_41' title='bbox 1529 526 1705 581; x_wconf 82' lang='lat' dir='ltr'>gratiam</span> 
     </span>
     <span class='ocr_line' id='line_1_11' title="bbox 175 594 1706 650; baseline 0.003 -16"><span class='ocrx_word' id='word_1_42' title='bbox 175 596 450 635; x_wconf 82' lang='lat' dir='ltr'>renascuntur</span> <span class='ocrx_word' id='word_1_43' title='bbox 500 594 731 649; x_wconf 88' lang='lat' dir='ltr'>spiritalem</span> <span class='ocrx_word' id='word_1_44' title='bbox 789 607 880 636; x_wconf 90' lang='lat' dir='ltr'>non</span> <span class='ocrx_word' id='word_1_45' title='bbox 939 607 990 636; x_wconf 82' lang='lat' dir='ltr'>ex</span> <span class='ocrx_word' id='word_1_46' title='bbox 1048 595 1384 649; x_wconf 84' lang='lat' dir='ltr'>sanguinibus</span> <span class='ocrx_word' id='word_1_47' title='bbox 1441 609 1597 650; x_wconf 87' lang='lat' dir='ltr'>neque</span> <span class='ocrx_word' id='word_1_48' title='bbox 1655 610 1706 638; x_wconf 83' lang='lat' dir='ltr'>ex</span> 
     </span>
     <span class='ocr_line' id='line_1_12' title="bbox 177 665 1706 719; baseline 0.003 -14"><span class='ocrx_word' id='word_1_49' title='bbox 177 665 441 706; x_wconf 88' lang='lat' dir='ltr'>uoluntate</span> <span class='ocrx_word' id='word_1_50' title='bbox 476 666 573 707; x_wconf 90' lang='lat' dir='ltr'>uiri</span> <span class='ocrx_word' id='word_1_51' title='bbox 607 679 767 719; x_wconf 91' lang='lat' dir='ltr'>neque</span> <span class='ocrx_word' id='word_1_52' title='bbox 801 679 854 707; x_wconf 82' lang='lat' dir='ltr'>ex</span> <span class='ocrx_word' id='word_1_53' title='bbox 887 666 1156 707; x_wconf 90' lang='lat' dir='ltr'>uoluntate</span> <span class='ocrx_word' id='word_1_54' title='bbox 1191 666 1354 707; x_wconf 84' lang='lat' dir='ltr'>carnis</span> <span class='ocrx_word' id='word_1_55' title='bbox 1395 666 1478 707; x_wconf 88' lang='lat' dir='ltr'>sed</span> <span class='ocrx_word' id='word_1_56' title='bbox 1521 680 1572 708; x_wconf 84' lang='lat' dir='ltr'>ex</span> <span class='ocrx_word' id='word_1_57' title='bbox 1605 667 1706 717; x_wconf 82' lang='lat' dir='ltr'>deo,</span> 
     </span>
     <span class='ocr_line' id='line_1_13' title="bbox 175 737 1706 790; baseline 0.003 -14"><span class='ocrx_word' id='word_1_58' title='bbox 175 748 267 777; x_wconf 76' lang='lat' dir='ltr'>mox</span> <span class='ocrx_word' id='word_1_59' title='bbox 313 737 624 778; x_wconf 88' lang='lat' dir='ltr'>commendauit</span> <span class='ocrx_word' id='word_1_60' title='bbox 674 738 800 778; x_wconf 90' lang='lat' dir='ltr'>huius</span> <span class='ocrx_word' id='word_1_61' title='bbox 851 737 971 790; x_wconf 86' lang='lat' dir='ltr'>quasi</span> <span class='ocrx_word' id='word_1_62' title='bbox 1022 737 1332 779; x_wconf 89' lang='lat' dir='ltr'>uicissitudinis</span> <span class='ocrx_word' id='word_1_63' title='bbox 1384 742 1706 780; x_wconf 85' lang='lat' dir='ltr'>sacramentum.</span> 
     </span>
     <span class='ocr_line' id='line_1_14' title="bbox 175 808 1706 862; baseline 0.003 -15"><span class='ocrx_word' id='word_1_64' title='bbox 175 810 386 860; x_wconf 79' lang='lat' dir='ltr'>tamquam</span> <span class='ocrx_word' id='word_1_65' title='bbox 421 809 529 849; x_wconf 90' lang='lat' dir='ltr'>enim</span> <span class='ocrx_word' id='word_1_66' title='bbox 564 808 704 850; x_wconf 89' lang='lat' dir='ltr'>mirati</span> <span class='ocrx_word' id='word_1_67' title='bbox 742 810 904 850; x_wconf 87' lang='lat' dir='ltr'>tantum</span> <span class='ocrx_word' id='word_1_68' title='bbox 945 808 1100 850; x_wconf 88' lang='lat' dir='ltr'>bonum</span> <span class='ocrx_word' id='word_1_69' title='bbox 1140 821 1219 850; x_wconf 90' lang='lat' dir='ltr'>non</span> <span class='ocrx_word' id='word_1_70' title='bbox 1261 808 1511 850; x_wconf 84' lang='lat' dir='ltr'>auderemus</span> <span class='ocrx_word' id='word_1_71' title='bbox 1550 813 1706 862; x_wconf 76' lang='lat' dir='ltr'>optare.</span> 
     </span>
     <span class='ocr_line' id='line_1_15' title="bbox 175 879 1708 922; baseline 0.001 -2"><span class='ocrx_word' id='word_1_72' title='bbox 175 879 320 920; x_wconf 88' lang='lat' dir='ltr'>statim</span> <span class='ocrx_word' id='word_1_73' title='bbox 343 879 577 921; x_wconf 86' lang='lat' dir='ltr'>subiunxit:</span> <span class='ocrx_word' id='word_1_74' title='bbox 606 880 666 920; x_wconf 88' lang='lat' dir='ltr'>Et</span> <span class='ocrx_word' id='word_1_75' title='bbox 686 879 890 920; x_wconf 90' lang='lat' dir='ltr'>uerbum</span> <span class='ocrx_word' id='word_1_76' title='bbox 921 893 1031 921; x_wconf 89' lang='lat' dir='ltr'>caro</span> <span class='ocrx_word' id='word_1_77' title='bbox 1060 880 1248 921; x_wconf 89' lang='lat' dir='ltr'>factum</span> <span class='ocrx_word' id='word_1_78' title='bbox 1277 884 1352 921; x_wconf 91' lang='lat' dir='ltr'>est</span> <span class='ocrx_word' id='word_1_79' title='bbox 1378 884 1426 921; x_wconf 92' lang='lat' dir='ltr'>et</span> <span class='ocrx_word' id='word_1_80' title='bbox 1452 881 1708 922; x_wconf 85' lang='lat' dir='ltr'>habitauit</span> 
     </span>
     <span class='ocr_line' id='line_1_16' title="bbox 175 950 1707 1005; baseline 0.001 -14"><span class='ocrx_word' id='word_1_81' title='bbox 175 951 219 991; x_wconf 93' lang='lat' dir='ltr'>in</span> <span class='ocrx_word' id='word_1_82' title='bbox 255 950 412 999; x_wconf 72' lang='lat' dir='ltr'>nobis,</span> <span class='ocrx_word' id='word_1_83' title='bbox 442 950 552 1004; x_wconf 87' lang='lat' dir='ltr'>quod</span> <span class='ocrx_word' id='word_1_84' title='bbox 587 964 715 992; x_wconf 90' lang='lat' dir='ltr'>unum</span> <span class='ocrx_word' id='word_1_85' title='bbox 750 956 815 992; x_wconf 90' lang='lat' dir='ltr'>est</span> <span class='ocrx_word' id='word_1_86' title='bbox 855 964 901 992; x_wconf 81' lang='lat' dir='ltr'>ex</span> <span class='ocrx_word' id='word_1_87' title='bbox 939 951 1122 1004; x_wconf 90' lang='lat' dir='ltr'>quinque</span> <span class='ocrx_word' id='word_1_88' title='bbox 1162 951 1262 1002; x_wconf 86' lang='lat' dir='ltr'>illis,</span> <span class='ocrx_word' id='word_1_89' title='bbox 1303 964 1408 1004; x_wconf 91' lang='lat' dir='ltr'>quae</span> <span class='ocrx_word' id='word_1_90' title='bbox 1445 951 1522 992; x_wconf 91' lang='lat' dir='ltr'>tibi</span> <span class='ocrx_word' id='word_1_91' title='bbox 1561 952 1707 1005; x_wconf 78' lang='lat' dir='ltr'>exponi</span> 
     </span>
     <span class='ocr_line' id='line_1_17' title="bbox 176 1021 1705 1075; baseline 0.001 -13"><span class='ocrx_word' id='word_1_92' title='bbox 176 1021 364 1071; x_wconf 84' lang='lat' dir='ltr'>uoluisti,</span> <span class='ocrx_word' id='word_1_93' title='bbox 405 1025 619 1075; x_wconf 81' lang='lat' dir='ltr'>tamquam</span> <span class='ocrx_word' id='word_1_94' title='bbox 659 1022 831 1063; x_wconf 80' lang='lat' dir='ltr'>diceret:</span> <span class='ocrx_word' id='word_1_95' title='bbox 871 1021 904 1063; x_wconf 91' lang='lat' dir='ltr'>O</span> <span class='ocrx_word' id='word_1_96' title='bbox 944 1022 1153 1064; x_wconf 86' lang='lat' dir='ltr'>homines!</span> <span class='ocrx_word' id='word_1_97' title='bbox 1195 1022 1324 1064; x_wconf 90' lang='lat' dir='ltr'>nolite</span> <span class='ocrx_word' id='word_1_98' title='bbox 1364 1022 1583 1075; x_wconf 89' lang='lat' dir='ltr'>desperare</span> <span class='ocrx_word' id='word_1_99' title='bbox 1628 1035 1705 1064; x_wconf 88' lang='lat' dir='ltr'>uos</span> 
     </span>
     <span class='ocr_line' id='line_1_18' title="bbox 174 1093 1704 1147; baseline 0 -14"><span class='ocrx_word' id='word_1_100' title='bbox 174 1093 261 1133; x_wconf 85' lang='lat' dir='ltr'>fieri</span> <span class='ocrx_word' id='word_1_101' title='bbox 294 1105 419 1146; x_wconf 88' lang='lat' dir='ltr'>posse</span> <span class='ocrx_word' id='word_1_102' title='bbox 451 1093 560 1135; x_wconf 91' lang='lat' dir='ltr'>filios</span> <span class='ocrx_word' id='word_1_103' title='bbox 595 1093 674 1143; x_wconf 68' lang='lat' dir='ltr'>dei,</span> <span class='ocrx_word' id='word_1_104' title='bbox 710 1093 805 1147; x_wconf 88' lang='lat' dir='ltr'>quia</span> <span class='ocrx_word' id='word_1_105' title='bbox 838 1096 879 1134; x_wconf 87' lang='lat' dir='ltr'>et</span> <span class='ocrx_word' id='word_1_106' title='bbox 911 1093 1001 1146; x_wconf 90' lang='lat' dir='ltr'>ipse</span> <span class='ocrx_word' id='word_1_107' title='bbox 1034 1093 1147 1134; x_wconf 87' lang='lat' dir='ltr'>filius</span> <span class='ocrx_word' id='word_1_108' title='bbox 1181 1093 1261 1142; x_wconf 79' lang='lat' dir='ltr'>dei,</span> <span class='ocrx_word' id='word_1_109' title='bbox 1290 1093 1368 1134; x_wconf 92' lang='lat' dir='ltr'>hoc</span> <span class='ocrx_word' id='word_1_110' title='bbox 1403 1095 1469 1135; x_wconf 88' lang='lat' dir='ltr'>est</span> <span class='ocrx_word' id='word_1_111' title='bbox 1500 1093 1704 1134; x_wconf 88' lang='lat' dir='ltr'>uerbum</span> 
     </span>
     <span class='ocr_line' id='line_1_19' title="bbox 176 1164 1704 1212; baseline 0.001 -8"><span class='ocrx_word' id='word_1_112' title='bbox 176 1164 241 1205; x_wconf 90' lang='lat' dir='ltr'>dei</span> <span class='ocrx_word' id='word_1_113' title='bbox 274 1177 384 1205; x_wconf 87' lang='lat' dir='ltr'>caro</span> <span class='ocrx_word' id='word_1_114' title='bbox 418 1165 605 1206; x_wconf 85' lang='lat' dir='ltr'>factum</span> <span class='ocrx_word' id='word_1_115' title='bbox 639 1167 715 1205; x_wconf 92' lang='lat' dir='ltr'>est</span> <span class='ocrx_word' id='word_1_116' title='bbox 748 1166 796 1206; x_wconf 89' lang='lat' dir='ltr'>et</span> <span class='ocrx_word' id='word_1_117' title='bbox 828 1164 1076 1205; x_wconf 89' lang='lat' dir='ltr'>habitauit</span> <span class='ocrx_word' id='word_1_118' title='bbox 1102 1164 1149 1205; x_wconf 92' lang='lat' dir='ltr'>in</span> <span class='ocrx_word' id='word_1_119' title='bbox 1177 1164 1334 1205; x_wconf 86' lang='lat' dir='ltr'>nobis.</span> <span class='ocrx_word' id='word_1_120' title='bbox 1363 1164 1525 1205; x_wconf 86' lang='lat' dir='ltr'>reddite</span> <span class='ocrx_word' id='word_1_121' title='bbox 1553 1164 1704 1212; x_wconf 73' lang='lat' dir='ltr'>uicem,</span> 
     </span>
     <span class='ocr_line' id='line_1_20' title="bbox 175 1234 1706 1290; baseline 0 -14"><span class='ocrx_word' id='word_1_122' title='bbox 175 1234 387 1276; x_wconf 85' lang='lat' dir='ltr'>efficimini</span> <span class='ocrx_word' id='word_1_123' title='bbox 438 1236 611 1290; x_wconf 90' lang='lat' dir='ltr'>spiritus</span> <span class='ocrx_word' id='word_1_124' title='bbox 662 1237 704 1276; x_wconf 87' lang='lat' dir='ltr'>et</span> <span class='ocrx_word' id='word_1_125' title='bbox 753 1235 939 1276; x_wconf 89' lang='lat' dir='ltr'>habitate</span> <span class='ocrx_word' id='word_1_126' title='bbox 989 1235 1029 1276; x_wconf 91' lang='lat' dir='ltr'>in</span> <span class='ocrx_word' id='word_1_127' title='bbox 1073 1235 1160 1285; x_wconf 77' lang='lat' dir='ltr'>illo,</span> <span class='ocrx_word' id='word_1_128' title='bbox 1207 1235 1278 1289; x_wconf 90' lang='lat' dir='ltr'>qui</span> <span class='ocrx_word' id='word_1_129' title='bbox 1317 1247 1410 1276; x_wconf 88' lang='lat' dir='ltr'>caro</span> <span class='ocrx_word' id='word_1_130' title='bbox 1456 1235 1594 1276; x_wconf 89' lang='lat' dir='ltr'>factus</span> <span class='ocrx_word' id='word_1_131' title='bbox 1641 1239 1706 1276; x_wconf 85' lang='lat' dir='ltr'>est</span> 
     </span>
     <span class='ocr_line' id='line_1_21' title="bbox 174 1306 1707 1359; baseline 0 -12"><span class='ocrx_word' id='word_1_132' title='bbox 174 1310 215 1347; x_wconf 92' lang='lat' dir='ltr'>et</span> <span class='ocrx_word' id='word_1_133' title='bbox 266 1306 475 1348; x_wconf 81' lang='lat' dir='ltr'>habitauit</span> <span class='ocrx_word' id='word_1_134' title='bbox 523 1307 562 1348; x_wconf 91' lang='lat' dir='ltr'>in</span> <span class='ocrx_word' id='word_1_135' title='bbox 615 1306 749 1348; x_wconf 90' lang='lat' dir='ltr'>nobis.</span> <span class='ocrx_word' id='word_1_136' title='bbox 814 1319 946 1359; x_wconf 90' lang='lat' dir='ltr'>neque</span> <span class='ocrx_word' id='word_1_137' title='bbox 997 1306 1106 1347; x_wconf 90' lang='lat' dir='ltr'>enim</span> <span class='ocrx_word' id='word_1_138' title='bbox 1151 1307 1233 1347; x_wconf 91' lang='lat' dir='ltr'>iam</span> <span class='ocrx_word' id='word_1_139' title='bbox 1285 1306 1591 1359; x_wconf 88' lang='lat' dir='ltr'>desperandum</span> <span class='ocrx_word' id='word_1_140' title='bbox 1642 1309 1707 1347; x_wconf 88' lang='lat' dir='ltr'>est</span> 
     </span>
     <span class='ocr_line' id='line_1_22' title="bbox 174 1376 1704 1431; baseline 0.001 -14"><span class='ocrx_word' id='word_1_141' title='bbox 174 1378 492 1430; x_wconf 79' lang='lat' dir='ltr'>participatione</span> <span class='ocrx_word' id='word_1_142' title='bbox 526 1378 643 1419; x_wconf 89' lang='lat' dir='ltr'>uerbi</span> <span class='ocrx_word' id='word_1_143' title='bbox 669 1377 758 1419; x_wconf 87' lang='lat' dir='ltr'>fieri</span> <span class='ocrx_word' id='word_1_144' title='bbox 785 1390 909 1431; x_wconf 88' lang='lat' dir='ltr'>posse</span> <span class='ocrx_word' id='word_1_145' title='bbox 936 1378 1127 1419; x_wconf 90' lang='lat' dir='ltr'>homines</span> <span class='ocrx_word' id='word_1_146' title='bbox 1155 1377 1264 1419; x_wconf 86' lang='lat' dir='ltr'>filios</span> <span class='ocrx_word' id='word_1_147' title='bbox 1293 1377 1371 1427; x_wconf 79' lang='lat' dir='ltr'>dei,</span> <span class='ocrx_word' id='word_1_148' title='bbox 1401 1377 1565 1430; x_wconf 87' lang='lat' dir='ltr'>quando</span> <span class='ocrx_word' id='word_1_149' title='bbox 1593 1376 1704 1418; x_wconf 85' lang='lat' dir='ltr'>filius</span> 
     </span>
     <span class='ocr_line' id='line_1_23' title="bbox 175 1448 1401 1503; baseline 0 -13"><span class='ocrx_word' id='word_1_150' title='bbox 175 1448 241 1490; x_wconf 89' lang='lat' dir='ltr'>dei</span> <span class='ocrx_word' id='word_1_151' title='bbox 275 1449 594 1503; x_wconf 80' lang='lat' dir='ltr'>participatione</span> <span class='ocrx_word' id='word_1_152' title='bbox 628 1449 760 1490; x_wconf 85' lang='lat' dir='ltr'>carnis</span> <span class='ocrx_word' id='word_1_153' title='bbox 794 1449 931 1490; x_wconf 84' lang='lat' dir='ltr'>factus</span> <span class='ocrx_word' id='word_1_154' title='bbox 966 1451 1030 1490; x_wconf 91' lang='lat' dir='ltr'>est</span> <span class='ocrx_word' id='word_1_155' title='bbox 1063 1448 1174 1490; x_wconf 88' lang='lat' dir='ltr'>filius</span> <span class='ocrx_word' id='word_1_156' title='bbox 1209 1448 1401 1490; x_wconf 89' lang='lat' dir='ltr'>hominis.</span> 
     </span>
    </p>

    <p class='ocr_par' dir='ltr' id='par_1_8' title="bbox 173 1519 1706 2213">
     <span class='ocr_line' id='line_1_24' title="bbox 234 1519 1706 1573; baseline -0.001 -12"><span class='ocrx_word' id='word_1_157' title='bbox 234 1520 320 1562; x_wconf 81' lang='lat' dir='ltr'>Nos</span> <span class='ocrx_word' id='word_1_158' title='bbox 370 1520 513 1573; x_wconf 89' lang='lat' dir='ltr'>itaque</span> <span class='ocrx_word' id='word_1_159' title='bbox 563 1520 788 1562; x_wconf 85' lang='lat' dir='ltr'>mutabiles</span> <span class='ocrx_word' id='word_1_160' title='bbox 839 1520 880 1560; x_wconf 92' lang='lat' dir='ltr'>in</span> <span class='ocrx_word' id='word_1_161' title='bbox 932 1520 1084 1561; x_wconf 90' lang='lat' dir='ltr'>melius</span> <span class='ocrx_word' id='word_1_162' title='bbox 1137 1519 1425 1561; x_wconf 87' lang='lat' dir='ltr'>commutandi</span> <span class='ocrx_word' id='word_1_163' title='bbox 1481 1519 1706 1573; x_wconf 81' lang='lat' dir='ltr'>participes</span> 
     </span>
     <span class='ocr_line' id='line_1_25' title="bbox 175 1589 1705 1639; baseline 0 -7"><span class='ocrx_word' id='word_1_164' title='bbox 175 1591 380 1632; x_wconf 81' lang='lat' dir='ltr'>efficimur</span> <span class='ocrx_word' id='word_1_165' title='bbox 406 1592 541 1639; x_wconf 84' lang='lat' dir='ltr'>uerbi;</span> <span class='ocrx_word' id='word_1_166' title='bbox 577 1591 752 1632; x_wconf 89' lang='lat' dir='ltr'>uerbum</span> <span class='ocrx_word' id='word_1_167' title='bbox 781 1593 918 1632; x_wconf 90' lang='lat' dir='ltr'>autem</span> <span class='ocrx_word' id='word_1_168' title='bbox 946 1590 1293 1632; x_wconf 86' lang='lat' dir='ltr'>incommutabile</span> <span class='ocrx_word' id='word_1_169' title='bbox 1322 1589 1425 1631; x_wconf 90' lang='lat' dir='ltr'>nihil</span> <span class='ocrx_word' id='word_1_170' title='bbox 1451 1589 1491 1630; x_wconf 89' lang='lat' dir='ltr'>in</span> <span class='ocrx_word' id='word_1_171' title='bbox 1520 1589 1705 1632; x_wconf 87' lang='lat' dir='ltr'>deterius</span> 
     </span>
     <span class='ocr_line' id='line_1_26' title="bbox 175 1660 1706 1716; baseline -0.001 -13"><span class='ocrx_word' id='word_1_172' title='bbox 175 1664 479 1703; x_wconf 87' lang='lat' dir='ltr'>commutatum</span> <span class='ocrx_word' id='word_1_173' title='bbox 525 1663 733 1716; x_wconf 83' lang='lat' dir='ltr'>particeps</span> <span class='ocrx_word' id='word_1_174' title='bbox 785 1662 918 1703; x_wconf 86' lang='lat' dir='ltr'>carnis</span> <span class='ocrx_word' id='word_1_175' title='bbox 970 1662 1165 1703; x_wconf 85' lang='lat' dir='ltr'>effectum</span> <span class='ocrx_word' id='word_1_176' title='bbox 1218 1663 1284 1702; x_wconf 86' lang='lat' dir='ltr'>est</span> <span class='ocrx_word' id='word_1_177' title='bbox 1331 1660 1524 1702; x_wconf 87' lang='lat' dir='ltr'>rationali</span> <span class='ocrx_word' id='word_1_178' title='bbox 1568 1661 1706 1702; x_wconf 89' lang='lat' dir='ltr'>anima</span> 
     </span>
     <span class='ocr_line' id='line_1_27' title="bbox 174 1731 1706 1786; baseline -0.001 -11"><span class='ocrx_word' id='word_1_179' title='bbox 174 1733 396 1775; x_wconf 83' lang='lat' dir='ltr'>mediante.</span> <span class='ocrx_word' id='word_1_180' title='bbox 426 1746 559 1786; x_wconf 85' lang='lat' dir='ltr'>neque</span> <span class='ocrx_word' id='word_1_181' title='bbox 587 1733 696 1775; x_wconf 90' lang='lat' dir='ltr'>enim</span> <span class='ocrx_word' id='word_1_182' title='bbox 724 1733 848 1775; x_wconf 90' lang='lat' dir='ltr'>homo</span> <span class='ocrx_word' id='word_1_183' title='bbox 872 1732 1079 1782; x_wconf 80' lang='lat' dir='ltr'>Christus,</span> <span class='ocrx_word' id='word_1_184' title='bbox 1102 1735 1149 1774; x_wconf 89' lang='lat' dir='ltr'>ut</span> <span class='ocrx_word' id='word_1_185' title='bbox 1163 1732 1487 1785; x_wconf 85' lang='lat' dir='ltr'>Apollinaristae</span> <span class='ocrx_word' id='word_1_186' title='bbox 1507 1731 1706 1773; x_wconf 86' lang='lat' dir='ltr'>haeretici</span> 
     </span>
     <span class='ocr_line' id='line_1_28' title="bbox 175 1803 1703 1858; baseline -0.002 -13"><span class='ocrx_word' id='word_1_187' title='bbox 175 1807 443 1858; x_wconf 70' lang='lat' dir='ltr'>putauerunt,</span> <span class='ocrx_word' id='word_1_188' title='bbox 473 1808 545 1846; x_wconf 89' lang='lat' dir='ltr'>aut</span> <span class='ocrx_word' id='word_1_189' title='bbox 572 1818 650 1846; x_wconf 91' lang='lat' dir='ltr'>non</span> <span class='ocrx_word' id='word_1_190' title='bbox 678 1804 826 1845; x_wconf 87' lang='lat' dir='ltr'>habuit</span> <span class='ocrx_word' id='word_1_191' title='bbox 853 1804 1028 1845; x_wconf 91' lang='lat' dir='ltr'>animam</span> <span class='ocrx_word' id='word_1_192' title='bbox 1059 1806 1132 1845; x_wconf 87' lang='lat' dir='ltr'>aut</span> <span class='ocrx_word' id='word_1_193' title='bbox 1158 1816 1237 1845; x_wconf 89' lang='lat' dir='ltr'>non</span> <span class='ocrx_word' id='word_1_194' title='bbox 1264 1803 1414 1844; x_wconf 86' lang='lat' dir='ltr'>habuit</span> <span class='ocrx_word' id='word_1_195' title='bbox 1438 1803 1703 1849; x_wconf 76' lang='lat' dir='ltr'>rationalem:</span> 
     </span>
     <span class='ocr_line' id='line_1_29' title="bbox 176 1874 1703 1928; baseline -0.002 -12"><span class='ocrx_word' id='word_1_196' title='bbox 176 1876 247 1917; x_wconf 89' lang='lat' dir='ltr'>sed</span> <span class='ocrx_word' id='word_1_197' title='bbox 280 1889 392 1917; x_wconf 89' lang='lat' dir='ltr'>more</span> <span class='ocrx_word' id='word_1_198' title='bbox 427 1890 502 1917; x_wconf 86' lang='lat' dir='ltr'>suo</span> <span class='ocrx_word' id='word_1_199' title='bbox 537 1877 757 1928; x_wconf 84' lang='lat' dir='ltr'>scriptura.</span> <span class='ocrx_word' id='word_1_200' title='bbox 792 1879 840 1915; x_wconf 89' lang='lat' dir='ltr'>ut</span> <span class='ocrx_word' id='word_1_201' title='bbox 873 1874 1029 1916; x_wconf 86' lang='lat' dir='ltr'>Christi</span> <span class='ocrx_word' id='word_1_202' title='bbox 1063 1875 1347 1916; x_wconf 87' lang='lat' dir='ltr'>humilitatem</span> <span class='ocrx_word' id='word_1_203' title='bbox 1387 1874 1522 1928; x_wconf 87' lang='lat' dir='ltr'>magis</span> <span class='ocrx_word' id='word_1_204' title='bbox 1563 1876 1703 1914; x_wconf 87' lang='lat' dir='ltr'>osten-</span> 
     </span>
     <span class='ocr_line' id='line_1_30' title="bbox 174 1943 1704 1999; baseline -0.002 -12"><span class='ocrx_word' id='word_1_205' title='bbox 174 1947 300 1989; x_wconf 86' lang='lat' dir='ltr'>deret.</span> <span class='ocrx_word' id='word_1_206' title='bbox 317 1959 365 1988; x_wconf 91' lang='lat' dir='ltr'>ne</span> <span class='ocrx_word' id='word_1_207' title='bbox 382 1948 515 1988; x_wconf 76' lang='lat' dir='ltr'>carnis</span> <span class='ocrx_word' id='word_1_208' title='bbox 536 1960 683 1988; x_wconf 88' lang='lat' dir='ltr'>nomen</span> <span class='ocrx_word' id='word_1_209' title='bbox 707 1947 825 1999; x_wconf 83' lang='lat' dir='ltr'>qnasi</span> <span class='ocrx_word' id='word_1_210' title='bbox 845 1946 1064 1999; x_wconf 81' lang='lat' dir='ltr'>indignum</span> <span class='ocrx_word' id='word_1_211' title='bbox 1082 1945 1241 1998; x_wconf 89' lang='lat' dir='ltr'>aliquid</span> <span class='ocrx_word' id='word_1_212' title='bbox 1255 1944 1464 1999; x_wconf 85' lang='lat' dir='ltr'>refugisse</span> <span class='ocrx_word' id='word_1_213' title='bbox 1480 1943 1704 1993; x_wconf 70' lang='lat' dir='ltr'>uideretur,</span> 
     </span>
     <span class='ocr_line' id='line_1_31' title="bbox 174 2015 1701 2072; baseline -0.001 -15"><span class='ocrx_word' id='word_1_214' title='bbox 174 2031 335 2059; x_wconf 73' lang='lat' dir='ltr'>earnem</span> <span class='ocrx_word' id='word_1_215' title='bbox 378 2031 448 2072; x_wconf 90' lang='lat' dir='ltr'>pro</span> <span class='ocrx_word' id='word_1_216' title='bbox 489 2019 654 2059; x_wconf 77' lang='lat' dir='ltr'>homine</span> <span class='ocrx_word' id='word_1_217' title='bbox 694 2019 848 2071; x_wconf 86' lang='lat' dir='ltr'>posuit.</span> <span class='ocrx_word' id='word_1_218' title='bbox 887 2031 1020 2070; x_wconf 85' lang='lat' dir='ltr'>neque</span> <span class='ocrx_word' id='word_1_219' title='bbox 1061 2017 1186 2060; x_wconf 84' lang='lat' dir='ltr'>enim,</span> <span class='ocrx_word' id='word_1_220' title='bbox 1226 2016 1323 2068; x_wconf 84' lang='lat' dir='ltr'>qnia</span> <span class='ocrx_word' id='word_1_221' title='bbox 1368 2015 1572 2069; x_wconf 91' lang='lat' dir='ltr'>scriptum</span> <span class='ocrx_word' id='word_1_222' title='bbox 1619 2017 1701 2056; x_wconf 87' lang='lat' dir='ltr'>est:</span> 
     </span>
     <span class='ocr_line' id='line_1_32' title="bbox 177 2086 1705 2130; baseline -0.001 -3"><span class='ocrx_word' id='word_1_223' title='bbox 177 2088 379 2129; x_wconf 83' lang='lat' dir='ltr'>Videbit</span> <span class='ocrx_word' id='word_1_224' title='bbox 417 2090 574 2130; x_wconf 86' lang='lat' dir='ltr'>omnis</span> <span class='ocrx_word' id='word_1_225' title='bbox 614 2102 723 2130; x_wconf 82' lang='lat' dir='ltr'>caro</span> <span class='ocrx_word' id='word_1_226' title='bbox 771 2090 996 2129; x_wconf 81' lang='lat' dir='ltr'>salutare</span> <span class='ocrx_word' id='word_1_227' title='bbox 1038 2087 1130 2130; x_wconf 88' lang='lat' dir='ltr'>dei.</span> <span class='ocrx_word' id='word_1_228' title='bbox 1171 2087 1332 2128; x_wconf 81' lang='lat' dir='ltr'>animae</span> <span class='ocrx_word' id='word_1_229' title='bbox 1378 2086 1434 2127; x_wconf 89' lang='lat' dir='ltr'>ibi</span> <span class='ocrx_word' id='word_1_230' title='bbox 1481 2099 1561 2127; x_wconf 90' lang='lat' dir='ltr'>non</span> <span class='ocrx_word' id='word_1_231' title='bbox 1607 2088 1705 2126; x_wconf 89' lang='lat' dir='ltr'>sunt</span> 
     </span>
     <span class='ocr_line' id='line_1_33' title="bbox 173 2157 1701 2213; baseline -0.002 -14"><span class='ocrx_word' id='word_1_232' title='bbox 173 2160 491 2212; x_wconf 59' lang='lat' dir='ltr'>intellegendae.</span> <span class='ocrx_word' id='word_1_233' title='bbox 527 2161 628 2201; x_wconf 88' lang='lat' dir='ltr'>nihil</span> <span class='ocrx_word' id='word_1_234' title='bbox 662 2160 833 2213; x_wconf 82' lang='lat' dir='ltr'>proinde</span> <span class='ocrx_word' id='word_1_235' title='bbox 867 2159 980 2200; x_wconf 81' lang='lat' dir='ltr'>aliud</span> <span class='ocrx_word' id='word_1_236' title='bbox 1014 2159 1173 2199; x_wconf 75' lang='lat' dir='ltr'>dictum</span> <span class='ocrx_word' id='word_1_237' title='bbox 1214 2160 1296 2199; x_wconf 88' lang='lat' dir='ltr'>est:</span> <span class='ocrx_word' id='word_1_238' title='bbox 1342 2157 1549 2198; x_wconf 85' lang='lat' dir='ltr'>Verbum</span> <span class='ocrx_word' id='word_1_239' title='bbox 1591 2169 1701 2197; x_wconf 84' lang='lat' dir='ltr'>caro</span> 
     </span>
    </p>
   </div>
   <div class='ocr_carea' id='block_1_8' title="bbox 289 2330 1647 2375">
    <p class='ocr_par' dir='ltr' id='par_1_9' title="bbox 289 2330 1647 2375">
     <span class='ocr_line' id='line_1_34' title="bbox 289 2330 1647 2375; baseline -0.004 -8"><span class='ocrx_word' id='word_1_240' title='bbox 289 2335 327 2373; x_wconf 75' lang='lat'>2;</span> <span class='ocrx_word' id='word_1_241' title='bbox 355 2335 393 2370; x_wconf 83' lang='lat'>4:</span> <span class='ocrx_word' id='word_1_242' title='bbox 422 2336 442 2366; x_wconf 76' lang='grc'>9</span> <span class='ocrx_word' id='word_1_243' title='bbox 473 2334 542 2370; x_wconf 82' lang='lat' dir='ltr'>Iob.</span> <span class='ocrx_word' id='word_1_244' title='bbox 577 2336 604 2371; x_wconf 81' lang='lat' dir='ltr'>l.</span> <span class='ocrx_word' id='word_1_245' title='bbox 636 2334 773 2367; x_wconf 73' lang='lat'>12—14</span> <span class='ocrx_word' id='word_1_246' title='bbox 847 2333 892 2366; x_wconf 70' lang='lat' dir='ltr'>2ss</span> <span class='ocrx_word' id='word_1_247' title='bbox 922 2332 977 2365; x_wconf 73' lang='lat' dir='ltr'>Es.</span> <span class='ocrx_word' id='word_1_248' title='bbox 1004 2332 1062 2373; x_wconf 69' lang='lat'>40,</span> <span class='ocrx_word' id='word_1_249' title='bbox 1090 2333 1110 2363; x_wconf 72' lang='grc' dir='ltr'>ἶ»</span> <span class='ocrx_word' id='word_1_250' title='bbox 1138 2342 1206 2365; x_wconf 83' lang='lat' dir='ltr'>sec.</span> <span class='ocrx_word' id='word_1_251' title='bbox 1235 2330 1427 2375; x_wconf 79' lang='lat' dir='ltr'>Septuag.;</span> <span class='ocrx_word' id='word_1_252' title='bbox 1459 2330 1541 2365; x_wconf 83' lang='lat' dir='ltr'>Luc.</span> <span class='ocrx_word' id='word_1_253' title='bbox 1568 2330 1599 2371; x_wconf 78' lang='grc'>3,</span> <span class='ocrx_word' id='word_1_254' title='bbox 1628 2330 1647 2362; x_wconf 91' lang='grc'>6</span> 
     </span>
    </p>
   </div>
   <div class='ocr_carea' id='block_1_9' title="bbox 220 2421 1706 2474">
    <p class='ocr_par' dir='ltr' id='par_1_10' title="bbox 220 2421 1706 2474">
     <span class='ocr_line' id='line_1_35' title="bbox 220 2421 1706 2474; baseline -0.005 -11"><span class='ocrx_word' id='word_1_255' title='bbox 220 2430 238 2463; x_wconf 69' lang='lat' dir='ltr'>&#39;a&#39;</span> <span class='ocrx_word' id='word_1_256' title='bbox 266 2430 367 2474; x_wconf 86' lang='lat' dir='ltr'>quasi</span> <span class='ocrx_word' id='word_1_257' title='bbox 387 2429 493 2463; x_wconf 90' lang='lat' dir='ltr'>huius</span> <span class='ocrx_word' id='word_1_258' title='bbox 514 2427 592 2463; x_wconf 79' lang='lat' dir='ltr'>ecld.</span> <span class='ocrx_word' id='word_1_259' title='bbox 661 2429 680 2463; x_wconf 87' lang='grc'>9</span> <span class='ocrx_word' id='word_1_260' title='bbox 703 2427 884 2461; x_wconf 84' lang='lat' dir='ltr'>habitauit</span> <span class='ocrx_word' id='word_1_261' title='bbox 902 2437 944 2460; x_wconf 61' lang='lat' dir='ltr'>ea:</span> <span class='ocrx_word' id='word_1_262' title='bbox 963 2437 1047 2463; x_wconf 74' lang='lat' dir='ltr'>ras..</span> <span class='ocrx_word' id='word_1_263' title='bbox 1066 2426 1148 2469; x_wconf 71' lang='lat' dir='ltr'>suit</span> <span class='ocrx_word' id='word_1_264' title='bbox 1168 2425 1350 2458; x_wconf 75' lang='lat' dir='ltr'>habitabit</span> <span class='ocrx_word' id='word_1_265' title='bbox 1375 2424 1407 2458; x_wconf 88' lang='lat' dir='ltr'><em>T</em></span> <span class='ocrx_word' id='word_1_266' title='bbox 1475 2424 1514 2457; x_wconf 86' lang='lat'>11</span> <span class='ocrx_word' id='word_1_267' title='bbox 1540 2435 1558 2454; x_wconf 83' lang='lat' dir='ltr'>o</span> <span class='ocrx_word' id='word_1_268' title='bbox 1580 2434 1645 2456; x_wconf 76' lang='grc' dir='ltr'>οηι.</span> <span class='ocrx_word' id='word_1_269' title='bbox 1676 2421 1706 2455; x_wconf 83' lang='grc' dir='ltr'><em>Τ</em></span> 
     </span>
    </p>
   </div>
   <div class='ocr_carea' id='block_1_10' title="bbox 172 2482 1704 2702">
    <p class='ocr_par' dir='ltr' id='par_1_11' title="bbox 172 2482 1704 2702">
     <span class='ocr_line' id='line_1_36' title="bbox 218 2482 1704 2534; baseline -0.007 -11"><span class='ocrx_word' id='word_1_270' title='bbox 218 2500 322 2534; x_wconf 85' lang='lat' dir='ltr'>posse</span> <span class='ocrx_word' id='word_1_271' title='bbox 355 2499 419 2522; x_wconf 84' lang='lat' dir='ltr'>uos</span> <span class='ocrx_word' id='word_1_272' title='bbox 453 2488 528 2522; x_wconf 57' lang='lat' dir='ltr'>fieri</span> <span class='ocrx_word' id='word_1_273' title='bbox 561 2488 591 2521; x_wconf 82' lang='lat' dir='ltr'><em>T</em></span> <span class='ocrx_word' id='word_1_274' title='bbox 716 2489 754 2520; x_wconf 69' lang='lat'>13</span> <span class='ocrx_word' id='word_1_275' title='bbox 787 2485 1011 2520; x_wconf 50' lang='lat' dir='ltr'>redditu-411</span> <span class='ocrx_word' id='word_1_276' title='bbox 1041 2485 1145 2518; x_wconf 83' lang='lat' dir='ltr'>nobis</span> <span class='ocrx_word' id='word_1_277' title='bbox 1178 2495 1245 2518; x_wconf 83' lang='lat' dir='ltr'>om.</span> <span class='ocrx_word' id='word_1_278' title='bbox 1278 2483 1308 2517; x_wconf 81' lang='lat' dir='ltr'><em>O</em></span> <span class='ocrx_word' id='word_1_279' title='bbox 1453 2482 1577 2525; x_wconf 69' lang='lat' dir='ltr'>redito,</span> <span class='ocrx_word' id='word_1_280' title='bbox 1605 2492 1650 2514; x_wconf 83' lang='lat' dir='ltr'>m.</span> <span class='ocrx_word' id='word_1_281' title='bbox 1678 2483 1704 2513; x_wconf 72' lang='lat'><strong><em>2</em></strong></span> 
     </span>
     <span class='ocr_line' id='line_1_37' title="bbox 172 2542 1700 2586; baseline -0.007 -4"><span class='ocrx_word' id='word_1_282' title='bbox 172 2548 310 2582; x_wconf 81' lang='lat' dir='ltr'>reddite</span> <span class='ocrx_word' id='word_1_283' title='bbox 344 2548 375 2581; x_wconf 90' lang='lat' dir='ltr'><em>T</em></span> <span class='ocrx_word' id='word_1_284' title='bbox 467 2549 507 2582; x_wconf 75' lang='lat'>14</span> <span class='ocrx_word' id='word_1_285' title='bbox 536 2546 738 2581; x_wconf 59' lang='lat' dir='ltr'>eflicimnini</span> <span class='ocrx_word' id='word_1_286' title='bbox 769 2546 800 2580; x_wconf 90' lang='lat' dir='ltr'><em>G</em></span> <span class='ocrx_word' id='word_1_287' title='bbox 904 2546 944 2578; x_wconf 73' lang='lat'>15,</span> <span class='ocrx_word' id='word_1_288' title='bbox 972 2544 1074 2578; x_wconf 85' lang='lat' dir='ltr'>uobis</span> <span class='ocrx_word' id='word_1_289' title='bbox 1101 2543 1181 2578; x_wconf 80' lang='lat' dir='ltr'>edd.</span> <span class='ocrx_word' id='word_1_290' title='bbox 1206 2547 1354 2586; x_wconf 71' lang='lat' dir='ltr'>praeter</span> <span class='ocrx_word' id='word_1_291' title='bbox 1381 2553 1437 2576; x_wconf 81' lang='grc' dir='ltr'>αν</span> <span class='ocrx_word' id='word_1_292' title='bbox 1537 2542 1577 2574; x_wconf 48' lang='lat'>1⁵⁸</span> <span class='ocrx_word' id='word_1_293' title='bbox 1604 2551 1700 2573; x_wconf 78' lang='lat' dir='ltr'>com-</span> 
     </span>
     <span class='ocr_line' id='line_1_38' title="bbox 172 2597 1704 2653; baseline -0.007 -12"><span class='ocrx_word' id='word_1_294' title='bbox 172 2607 301 2641; x_wconf 88' lang='lat' dir='ltr'>mutati</span> <span class='ocrx_word' id='word_1_295' title='bbox 329 2619 361 2641; x_wconf 85' lang='lat' dir='ltr'>m</span> <span class='ocrx_word' id='word_1_296' title='bbox 434 2606 478 2640; x_wconf 66' lang='lat'>20</span> <span class='ocrx_word' id='word_1_297' title='bbox 508 2606 698 2650; x_wconf 81' lang='lat' dir='ltr'>participes</span> <span class='ocrx_word' id='word_1_298' title='bbox 726 2605 757 2638; x_wconf 95' lang='lat' dir='ltr'><em>L</em></span> <span class='ocrx_word' id='word_1_299' title='bbox 857 2604 1002 2637; x_wconf 72' lang='lat' dir='ltr'>effectus</span> <span class='ocrx_word' id='word_1_300' title='bbox 1029 2606 1059 2653; x_wconf 52' lang='lat' dir='ltr'>(s</span> <span class='ocrx_word' id='word_1_301' title='bbox 1087 2604 1180 2645; x_wconf 75' lang='lat' dir='ltr'>exp.)</span> <span class='ocrx_word' id='word_1_302' title='bbox 1212 2602 1243 2635; x_wconf 79' lang='lat' dir='ltr'><em>T</em></span> <span class='ocrx_word' id='word_1_303' title='bbox 1333 2603 1373 2635; x_wconf 66' lang='lat'>⁴21</span> <span class='ocrx_word' id='word_1_304' title='bbox 1406 2602 1451 2635; x_wconf 91' lang='lat' dir='ltr'>in.</span> <span class='ocrx_word' id='word_1_305' title='bbox 1479 2612 1524 2634; x_wconf 83' lang='lat' dir='ltr'>m.</span> <span class='ocrx_word' id='word_1_306' title='bbox 1553 2601 1576 2632; x_wconf 72' lang='lat'><em>2</em></span> <span class='ocrx_word' id='word_1_307' title='bbox 1603 2602 1641 2631; x_wconf 90' lang='lat' dir='ltr'>ut</span> <span class='ocrx_word' id='word_1_308' title='bbox 1675 2597 1704 2631; x_wconf 83' lang='lat' dir='ltr'><em>T</em></span> 
     </span>
     <span class='ocr_line' id='line_1_39' title="bbox 172 2655 1700 2702; baseline -0.007 -2"><span class='ocrx_word' id='word_1_309' title='bbox 172 2668 214 2700; x_wconf 74' lang='lat'>22</span> <span class='ocrx_word' id='word_1_310' title='bbox 242 2666 398 2700; x_wconf 81' lang='lat' dir='ltr'>animum</span> <span class='ocrx_word' id='word_1_311' title='bbox 431 2665 460 2699; x_wconf 79' lang='grc' dir='ltr'><em>Ο</em></span> <span class='ocrx_word' id='word_1_312' title='bbox 556 2665 600 2698; x_wconf 71' lang='grc'>25</span> <span class='ocrx_word' id='word_1_313' title='bbox 629 2676 732 2698; x_wconf 82' lang='lat' dir='ltr'>carne</span> <span class='ocrx_word' id='word_1_314' title='bbox 761 2663 792 2697; x_wconf 88' lang='lat' dir='ltr'><strong><em>L</em></strong></span> <span class='ocrx_word' id='word_1_315' title='bbox 898 2663 942 2696; x_wconf 73' lang='lat'>26</span> <span class='ocrx_word' id='word_1_316' title='bbox 970 2661 1109 2695; x_wconf 82' lang='lat' dir='ltr'>uidebit</span> <span class='ocrx_word' id='word_1_317' title='bbox 1136 2673 1179 2695; x_wconf 68' lang='lat' dir='ltr'>esc</span> <span class='ocrx_word' id='word_1_318' title='bbox 1204 2672 1295 2695; x_wconf 81' lang='lat' dir='ltr'>corr.</span> <span class='ocrx_word' id='word_1_319' title='bbox 1325 2672 1364 2693; x_wconf 84' lang='lat' dir='ltr'>m.</span> <span class='ocrx_word' id='word_1_320' title='bbox 1396 2663 1423 2694; x_wconf 87' lang='lat'>1.</span> <span class='ocrx_word' id='word_1_321' title='bbox 1442 2659 1522 2702; x_wconf 73' lang='lat' dir='ltr'>suit</span> <span class='ocrx_word' id='word_1_322' title='bbox 1550 2656 1642 2691; x_wconf 88' lang='lat' dir='ltr'>uidit</span> <span class='ocrx_word' id='word_1_323' title='bbox 1669 2655 1700 2689; x_wconf 87' lang='lat' dir='ltr'><em>L</em></span> 
     </span>
    </p>
   </div>
   <div class='ocr_carea' id='block_1_11' title="bbox 172 2714 1700 2876">
    <p class='ocr_par' dir='ltr' id='par_1_12' title="bbox 172 2714 1700 2876">
     <span class='ocr_line' id='line_1_40' title="bbox 172 2714 1700 2768; baseline -0.008 -9"><span class='ocrx_word' id='word_1_324' title='bbox 172 2726 215 2759; x_wconf 72' lang='lat'>27</span> <span class='ocrx_word' id='word_1_325' title='bbox 242 2725 333 2759; x_wconf 89' lang='lat' dir='ltr'>nihil</span> <span class='ocrx_word' id='word_1_326' title='bbox 361 2724 520 2768; x_wconf 78' lang='lat' dir='ltr'>proin-le,</span> <span class='ocrx_word' id='word_1_327' title='bbox 542 2724 689 2766; x_wconf 76' lang='lat' dir='ltr'>punctis</span> <span class='ocrx_word' id='word_1_328' title='bbox 715 2733 806 2757; x_wconf 80' lang='lat' dir='ltr'>corr.</span> <span class='ocrx_word' id='word_1_329' title='bbox 835 2721 982 2766; x_wconf 75' lang='lat' dir='ltr'>proinde</span> <span class='ocrx_word' id='word_1_330' title='bbox 1010 2721 1101 2755; x_wconf 90' lang='lat' dir='ltr'>nihil</span> <span class='ocrx_word' id='word_1_331' title='bbox 1131 2720 1163 2754; x_wconf 63' lang='grc' dir='ltr'>(τ’</span> <span class='ocrx_word' id='word_1_332' title='bbox 1255 2724 1339 2763; x_wconf 74' lang='lat' dir='ltr'>post</span> <span class='ocrx_word' id='word_1_333' title='bbox 1368 2722 1423 2752; x_wconf 76' lang='lat' dir='ltr'>est</span> <span class='ocrx_word' id='word_1_334' title='bbox 1448 2728 1520 2752; x_wconf 56' lang='lat' dir='ltr'>&gt;ra-s.</span> <span class='ocrx_word' id='word_1_335' title='bbox 1549 2718 1602 2749; x_wconf 76' lang='lat'>20</span> <span class='ocrx_word' id='word_1_336' title='bbox 1620 2714 1700 2758; x_wconf 77' lang='lat' dir='ltr'>sere</span> 
     </span>
     <span class='ocr_line' id='line_1_41' title="bbox 173 2781 868 2827; baseline -0.004 -10"><span class='ocrx_word' id='word_1_337' title='bbox 173 2784 209 2826; x_wconf 85' lang='lat' dir='ltr'>l,</span> <span class='ocrx_word' id='word_1_338' title='bbox 236 2794 387 2827; x_wconf 73' lang='lat' dir='ltr'>quarum</span> <span class='ocrx_word' id='word_1_339' title='bbox 416 2787 594 2817; x_wconf 71' lang='lat' dir='ltr'>extremae</span> <span class='ocrx_word' id='word_1_340' title='bbox 620 2786 726 2816; x_wconf 78' lang='lat' dir='ltr'>erant</span> <span class='ocrx_word' id='word_1_341' title='bbox 754 2786 809 2816; x_wconf 77' lang='lat' dir='ltr'>est</span> <span class='ocrx_word' id='word_1_342' title='bbox 837 2781 868 2814; x_wconf 68' lang='lat' dir='ltr'>J,</span> 
     </span>
     <span class='ocr_line' id='line_1_42' title="bbox 1591 2843 1650 2876; baseline -0.017 0"><span class='ocrx_word' id='word_1_343' title='bbox 1591 2843 1650 2876; x_wconf 72' lang='lat' dir='ltr'>ll*</span> 
     </span>
    </p>
   </div>
  </div>
 </body>
</html>
