1952 3118
41 1233 92 1274 16

95 966 126 990 ¹0

97 1320 128 1345 15

94 1674 127 1699 20

93 2030 126 2056 25

658 183 1011 227 epistularum
1051 182 1207 218 CLXIV.
1600 188 1684 228 535

152 312 368 366 apostolus
403 311 518 355 dicit.
559 310 725 352 omnino
760 311 811 352 ad
843 311 998 353 inferos
1037 325 1116 354 non
1156 313 1376 366 pertineat,
1417 312 1490 355 sed
1529 314 1580 356 ad
1612 315 1686 356 illa

149 383 291 437 potius
331 385 531 436 tempora,
571 395 747 435 quorum
790 382 964 424 formam
998 382 1048 423 ad
1080 383 1183 425 haec
1222 386 1414 438 tempora
1452 385 1684 427 transtulit.

149 454 222 495 illa
256 454 410 507 quippe
438 466 503 495 res
531 456 651 508 gesta
682 453 817 494 forma
850 453 988 495 fuerat
1013 455 1265 498 futurorum.
1299 459 1348 497 ut
1373 456 1429 504 hi,
1463 456 1535 509 qui
1561 458 1684 499 modo

150 537 228 566 non
267 524 444 566 credunt
481 524 715 578 euangelio.
754 524 854 565 dum
887 525 926 565 in
968 526 1164 567 omnibus
1203 526 1402 580 gentibus
1441 527 1687 569 aedificatur

151 595 341 637 ecclesia.
375 595 461 636 illis
494 595 793 649 intellegantur
825 607 918 636 esse
952 595 1127 648 similes,
1163 597 1233 649 qui
1260 598 1360 638 tunc
1389 610 1467 639 non
1502 598 1686 640 credide-

151 669 261 716 runt,
296 679 390 707 cum
425 666 699 708 fabricaretur
732 678 840 715 arca,
873 666 936 707 illi
963 668 1120 715 autem,
1156 667 1226 719 qui
1256 667 1522 709 crediderunt
1548 672 1589 710 et
1614 682 1687 723 per

151 737 409 791 baptismum
445 737 553 778 salui
586 736 705 787 fiunt,
748 736 835 778 illis
876 739 1184 791 comparentur,
1225 738 1296 791 qui
1333 740 1434 779 tunc
1467 739 1507 780 in
1540 740 1684 781 eadem

151 821 245 850 arca
272 808 380 849 salui
407 808 507 849 facti
534 810 632 848 sunt
658 820 731 861 per
757 820 921 861 aquam.
954 807 1063 848 unde
1096 807 1173 849 ait:
1209 807 1289 849 Sic
1322 811 1369 850 et
1402 822 1489 850 uos
1526 810 1683 851 simili

153 880 309 921 forma
334 879 588 933 baptisma
616 878 786 920 saluos
813 878 951 920 facit.
986 878 1037 919 ad
1064 878 1169 920 hanc
1195 878 1327 933 igitur
1351 880 1508 921 formae
1537 880 1684 922 simili-

152 951 341 993 tudinem
376 952 513 991 cetera
547 949 671 991 etiam
707 949 756 990 de
782 949 1010 991 incredulis
1045 951 1289 1003 coaptemus
1318 952 1360 991 et
1385 963 1465 992 non
1499 952 1684 1005 suspice-

153 1035 260 1065 mur.
300 1021 409 1074 quod
444 1021 553 1074 apud
587 1020 741 1062 inferos
776 1020 827 1061 ad
859 1019 1072 1062 faciendos
1111 1020 1255 1062 fideles
1288 1024 1414 1075 atque
1446 1022 1683 1065 liberandos

153 1093 420 1147 euangelium
448 1091 735 1145 praedicatum
763 1091 820 1132 sit
845 1091 914 1132 uel
941 1091 1079 1133 adhuc
1106 1092 1231 1133 etiam
1259 1093 1535 1146 praedicetur,
1564 1095 1684 1148 quasi

154 1167 195 1205 et
226 1164 284 1204 ibi
317 1163 373 1204 sit
406 1163 585 1204 ecclesia
618 1162 863 1204 constituta.

213 1234 278 1276 Ad
304 1235 423 1275 illum
453 1246 550 1288 ergo
578 1246 762 1276 sensum.
798 1234 868 1286 qui
895 1237 936 1274 te
963 1237 1122 1282 mouet,
1148 1233 1242 1275 ideo
1269 1234 1466 1276 uidentur
1492 1235 1682 1285 adtracti,

155 1306 224 1359 qui
258 1306 336 1347 hoc
369 1306 539 1347 Petrum
582 1304 764 1346 sensisse
804 1304 1085 1347 crediderunt.
1125 1305 1222 1358 quia
1261 1305 1364 1346 dixit
1400 1306 1610 1348 conclusis
1642 1308 1682 1348 in

155 1390 315 1419 carcere
367 1376 586 1430 spiritibus
643 1375 944 1429 praedicatum,
1003 1376 1122 1429 quasi
1179 1376 1341 1417 animae
1391 1390 1470 1418 non
1521 1378 1685 1431 possint

135 1446 344 1503 'intellegi
383 1448 571 1502 spiritus,
612 1460 716 1500 quae
754 1449 854 1488 tunc
894 1448 1010 1488 erant
1041 1447 1081 1487 in
1116 1459 1235 1488 carne
1268 1449 1392 1500 atque
1423 1447 1683 1502 ignorantiae

154 1520 337 1560 tenebris
370 1519 490 1560 uelut
522 1530 684 1560 carcere
717 1517 1032 1560 claudebantur.
1073 1517 1122 1559 de
1155 1518 1268 1570 quali
1303 1530 1465 1560 carcere
1497 1532 1542 1561 se
1576 1519 1683 1562 desi-

153 1589 270 1630 derat
318 1589 485 1630 liberari
530 1589 613 1632 ille.
660 1589 731 1642 qui
777 1588 898 1630 dicit:
944 1588 1081 1630 Educ
1130 1588 1185 1630 de
1231 1601 1427 1630 carcere
1472 1591 1681 1632 animam

153 1673 319 1709 meam,
348 1663 401 1701 ut
429 1660 739 1702 confiteatur
765 1659 949 1701 nomini
976 1661 1077 1709 tuo,
1105 1672 1212 1713 quae
1234 1659 1334 1701 alibi
1360 1661 1508 1702 umbra
1533 1662 1681 1703 mortis

152 1732 401 1786 appellatur.
441 1731 489 1772 de
529 1744 610 1784 qua
647 1744 726 1772 non
767 1719 913 1784 utique
953 1731 1064 1784 apud
1102 1731 1256 1772 inferos
1297 1730 1371 1772 sed
1409 1731 1476 1773 hic
1514 1731 1682 1773 liberati

152 1807 264 1853 sunt,
310 1803 359 1844 de
404 1803 557 1855 quibus
603 1802 807 1856 scriptum
852 1804 939 1843 est:
991 1801 1083 1853 Qui
1136 1801 1375 1843 sedebant
1419 1802 1466 1842 in
1511 1803 1681 1843 umbra

152 1874 341 1922 mortis,
380 1874 544 1915 lumen
585 1875 746 1914 ortum
785 1875 861 1914 est
901 1873 984 1915 eis.
1022 1873 1108 1915 illis
1150 1876 1289 1914 autem
1328 1873 1369 1914 in
1410 1872 1558 1914 diebus
1590 1874 1680 1915 Noe

150 1945 305 1987 frustra
338 1945 623 1998 praedicatum
657 1947 735 1994 est,
768 1944 865 1997 quia
896 1956 976 1985 non
1011 1943 1288 1994 crediderunt,
1321 1956 1415 1985 cum
1443 1948 1681 1997 expectaret

152 2030 221 2058 eos
255 2017 321 2058 dei
354 2016 558 2070 patientia
584 2028 656 2069 per
681 2018 850 2069 tempus
878 2017 942 2057 tot
968 2028 1185 2063 annorum,
1219 2015 1373 2068 quibus
1408 2027 1502 2056 arca
1535 2015 1677 2057 eadem

268 2168 288 2202 8
316 2167 331 2201 l
358 2168 454 2201 Petr.
481 2169 513 2203 3.
541 2168 583 2201 21
664 2168 705 2202 19
732 2167 789 2202 Ps.
822 2167 898 2205 141.
926 2168 946 2201 8
1021 2167 1066 2201 22
1092 2166 1153 2201 Es.
1181 2168 1213 2207 9,
1241 2167 1262 2200 ‘2

202 2252 214 2285 l
247 2251 448 2296 pertincant
482 2254 595 2295 (post.
623 2262 644 2284 n
670 2262 716 2284 m.
743 2252 769 2284 2
794 2253 888 2294 exp.)
916 2249 951 2283 P
1094 2249 1139 2283 ad
1165 2261 1232 2284 om.
1263 2249 1296 2284 G
1419 2251 1439 2283 3
1472 2249 1615 2284 fuerant
1641 2249 1682 2282 K

198 2311 221 2344 ii
240 2311 369 2355 flrm
442 2311 463 2344 4
490 2311 524 2343 in
554 2321 620 2344 om.
649 2309 690 2343 K
761 2311 781 2344 5
808 2309 1043 2353 intellegatur
1069 2308 1107 2342 F
1178 2320 1256 2343 esse
1282 2320 1349 2344 om.
1377 2308 1419 2342 K
1489 2309 1617 2343 similis
1644 2308 1682 2342 F

151 2371 171 2404 6
198 2369 346 2404 credunt
376 2370 406 2403 C
525 2370 543 2403 ‘a'
571 2369 671 2407 fiant,
698 2379 742 2403 m.
770 2371 789 2402 1
815 2379 904 2403 corr.
933 2368 1025 2402 fiunt
1050 2367 1098 2402 M
1193 2371 1407 2413 conparetur
1432 2368 1471 2402 F
1493 2379 1677 2412 compara-

151 2432 272 2463 rentur
298 2428 340 2462 K
403 2429 424 2463 8
451 2440 532 2463 arca
557 2439 624 2463 om.
651 2427 693 2462 K
764 2428 891 2462 similis
918 2427 1031 2461 forma
1058 2427 1229 2472 baptismi
1255 2428 1290 2461 P
1366 2428 1405 2461 10
1431 2425 1623 2461 incrudelis
1645 2428 1676 2460 A

154 2489 195 2522 12
229 2488 480 2533 praedicentur
511 2491 545 2531 (n
581 2487 663 2530 del.)
695 2487 725 2522 C
846 2488 887 2522 13
922 2490 958 2521 et
989 2498 1068 2527 om..
1102 2499 1146 2521 m.
1174 2490 1192 2521 1
1219 2487 1303 2521 add.
1331 2487 1370 2521 F
1490 2487 1532 2520 14
1564 2486 1678 2519 mouit

150 2547 306 2582 KMFP
402 2547 470 2586 ide.
496 2559 541 2584 m.
570 2551 587 2581 1
614 2546 662 2590 (?)
688 2558 779 2581 corr.
806 2547 888 2581 ideo
915 2547 950 2581 P
1023 2547 1066 2581 15
1092 2550 1216 2592 petru*
1235 2547 1329 2590 (fuit
1356 2549 1385 2587 s)
1412 2544 1450 2579 F
1544 2556 1614 2589 qua
1639 2544 1681 2578 K

153 2608 194 2642 16
215 2610 365 2652 possunt
384 2606 504 2642 MFG
530 2610 588 2650 (m.
607 2611 648 2641 ut
667 2606 743 2640 uid.
766 2611 783 2640 1
807 2617 897 2640 corr.
925 2607 1079 2651 possint)
1138 2606 1179 2640 17
1208 2606 1268 2650 qui
1288 2605 1406 2640 MFA
1428 2604 1506 2638 edd.
1528 2608 1679 2648 praeter

151 2677 184 2699 m
329 2667 452 2711 atque]
482 2669 590 2710 atque
617 2666 652 2699 in
678 2665 714 2699 P
807 2665 849 2699 18
877 2665 991 2710 uelut]
1020 2665 1121 2701 uelut
1147 2665 1182 2698 in
1210 2665 1245 2698 P
1343 2662 1578 2698 eludebantur
1603 2662 1680 2696 KP

198 2736 234 2758 se
260 2736 326 2760 om.
354 2724 394 2758 K
464 2726 509 2759 ‘20
536 2724 743 2759 confitellf‘ar
767 2727 909 2768 (parua
935 2726 1025 2767 rac.)
1051 2724 1085 2758 P
1150 2723 1194 2757 22
1223 2723 1282 2767 qui
1310 2721 1676 2766 sedebant—praedi-

152 2786 269 2818 catum
298 2786 352 2818 est
377 2794 445 2818 om.
471 2784 506 2817 A
580 2783 625 2818 ‘24
652 2784 724 2827 qui.
751 2795 795 2817 m.
823 2785 841 2816 1
867 2793 956 2818 corr.
985 2783 1068 2828 quia
1094 2781 1133 2816 F
1202 2783 1247 2816 ‘25
1273 2781 1451 2826 sapientia
1476 2779 1519 2814 K
