1924 3122
164 963 198 988 10

162 1318 195 1344 15

691 179 1042 225 epistularum
1081 178 1289 215 CXXXVII.
1670 181 1751 221 105

226 309 316 359 erit,
355 312 402 351 ut
440 322 464 350 a
501 309 594 350 sinu
632 308 778 362 patris,
815 309 859 351 id
898 311 965 351 est
1002 322 1025 350 a
1064 311 1241 359 secreto,
1282 321 1362 363 quo
1397 321 1490 351 cum
1525 308 1598 350 illo
1638 310 1680 350 et
1711 308 1750 349 in

224 381 297 421 illo
331 382 408 431 est,
442 393 522 421 non
555 380 794 422 recesserit!

283 451 468 493 Verbum
503 451 569 493 dei
601 451 662 493 sic
694 451 907 505 intellege,
940 464 1014 504 per
1051 451 1161 505 quod
1200 451 1312 492 facta
1350 454 1448 492 sunt
1488 451 1638 498 onmia,
1673 463 1752 492 non

224 526 271 564 ut
303 523 394 564 eius
426 523 602 564 transire
635 522 796 576 aliquid
829 524 990 578 cogites
1024 526 1065 564 et
1097 535 1143 564 ex
1175 522 1318 564 futuro
1351 522 1622 576 praeteritum
1650 521 1753 563 fieri.

223 596 377 644 manet,
418 594 546 634 sicuti
589 596 666 642 est,
707 596 747 635 et
786 593 941 647 ubique
986 596 1123 636 totum
1170 596 1247 637 est.
1293 594 1411 635 uenit
1455 596 1612 643 autem,
1657 606 1753 635 cum

223 665 530 715 manifestatur,
570 668 624 715 et,
664 677 759 706 cum
798 665 1047 714 occultatur,
1082 665 1285 707 abscedit.
1325 664 1445 705 adest
1482 666 1622 705 tamen
1661 663 1753 705 siue

224 735 436 777 oecultum
470 736 560 777 siue
593 735 879 783 manifestum,
913 736 1025 777 sicut
1062 736 1131 777 lux
1165 736 1285 777 adest
1317 735 1450 778 oculis
1491 738 1532 776 et
1571 734 1753 776 uidentis

223 809 263 848 et
296 807 427 856 caeci;
462 807 535 848 sed
569 805 727 848 uidenti
760 807 882 848 adest
914 820 1110 861 praesens
1145 819 1267 848 caeco
1302 819 1400 848 uero
1435 806 1599 847 absens.
1635 806 1755 847 adest

223 881 265 920 et
296 890 376 921 uox
409 878 678 919 audientibus
706 878 891 926 auribus,
919 878 1038 920 adest
1064 878 1189 920 etiam
1218 878 1377 931 surdis3
1412 877 1484 919 sed
1510 877 1596 920 illis
1624 880 1753 931 patet,

221 949 316 992 istis
354 950 471 991 latet.
511 949 613 1002 quid
652 951 791 991 autem
831 949 1065 991 mirabilius
1105 962 1229 1003 quam
1269 950 1324 1000 id,
1365 949 1475 1003 quod
1514 948 1668 991 accidit
1710 949 1751 989 in

221 1021 398 1063 uocibus
443 1020 599 1062 nostris
642 1020 867 1073 uerbisque
912 1020 1162 1062 sonantibus
1206 1021 1248 1062 in
1291 1033 1334 1062 re
1385 1021 1551 1062 scilicet
1599 1020 1752 1073 raptim

220 1091 489 1133 transitoria?
522 1104 617 1133 cum
652 1091 761 1132 enim
794 1091 1018 1145 loquimur,
1046 1104 1095 1133 ne
1129 1091 1338 1133 secundae
1370 1091 1540 1146 quidem
1568 1091 1753 1146 syllabae

219 1163 339 1205 locus
374 1165 451 1213 est,
484 1163 565 1204 nisi
597 1162 732 1217 prima
765 1176 909 1204 sonare
943 1163 1168 1214 destiterit,
1195 1166 1237 1205 et
1262 1166 1416 1212 tamen.v
1444 1163 1479 1204 si
1506 1175 1616 1204 unus
1644 1162 1754 1204 adsit

221 1233 399 1275 auditor.
431 1235 569 1275 totum
606 1233 736 1281 audit,
771 1233 882 1286 quod
915 1232 1109 1283 dicimus,
1143 1235 1197 1281 et,
1226 1233 1262 1274 si
1294 1233 1376 1275 duo
1410 1233 1562 1276 adsint.
1588 1235 1755 1275 tantun-

221 1304 315 1346 dem
348 1304 470 1345 ambo
505 1303 693 1348 audiunt.
728 1304 840 1357 quod
873 1306 915 1345 et
946 1305 1127 1358 singulis
1160 1307 1299 1346 totum
1333 1308 1411 1347 est.
1446 1307 1500 1354 et,
1536 1305 1571 1346 si
1610 1303 1754 1345 audiat

220 1375 450 1417 multitudo
484 1376 626 1426 silens,
654 1388 734 1417 non
766 1375 876 1417 inter
908 1388 952 1417 se
984 1375 1271 1429 particulatim
1305 1375 1597 1417 comminuunt
1629 1386 1753 1415 sonos

220 1449 435 1500 tamquam
468 1447 599 1497 cibos,
632 1446 706 1488 sed
740 1460 875 1497 omne,
903 1447 1015 1500 quod
1049 1450 1182 1497 sonat,
1217 1449 1258 1488 et
1290 1446 1484 1489 omnibus
1516 1449 1655 1487 totum
1688 1447 1754 1487 est

271 1657 286 1690 1
311 1659 369 1691 *ut
400 1656 432 1691 T
544 1668 564 1690 a
588 1667 616 1691 s.
643 1667 677 1691 u.
706 1668 750 1691 m.
778 1659 796 1690 1
828 1655 878 1690 W
983 1667 1003 1690 a
1029 1657 1182 1701 secreto]
1211 1658 1349 1690 secreto
1382 1654 1468 1689 TW
1575 1666 1644 1699 quo
1672 1665 1750 1688 cum

220 1716 283 1750 illo
311 1719 348 1750 et
373 1716 435 1750 illo
464 1719 519 1750 est
551 1716 583 1750 T
607 1727 829 1760 quocumque
861 1716 923 1750 illo
958 1718 994 1750 et
1027 1716 1062 1750 in
1090 1716 1152 1750 illo
1181 1718 1236 1750 est
1261 1715 1300 1750 D
1332 1715 1428 1760 quod
1455 1726 1535 1750 cum
1560 1714 1623 1748 illo
1652 1717 1688 1748 et
1714 1714 1751 1748 in

220 1775 283 1810 illo
311 1779 365 1810 est
392 1775 435 1809 K
456 1775 552 1820 quod
578 1775 622 1810 ab
651 1776 711 1810 illo
740 1778 777 1810 et
803 1787 883 1811 cum
910 1776 973 1810 illo
1001 1779 1036 1811 et
1062 1776 1099 1810 in
1125 1776 1188 1810 illo
1216 1778 1272 1810 est
1301 1775 1366 1810 CR
1435 1776 1455 1810 3
1482 1775 1695 1819 intellegere
1722 1774 1755 1808 T

219 1837 270 1878 (re
297 1838 404 1876 eras.)
434 1835 514 1868 BH
535 1837 586 1878 (re
614 1835 696 1878 del.)
723 1834 770 1868 Ρι
797 1835 968 1879 intellege
998 1834 1109 1869 uerbu
1136 1835 1263 1879 (uerbu
1290 1834 1373 1878 del.)
1400 1834 1443 1868 K
1544 1835 1567 1868 4
1594 1840 1633 1868 ut
1659 1833 1751 1877 eius]

221 1893 370 1928 ulterius
397 1893 440 1927 K
563 1896 600 1928 et
626 1905 706 1935 om„
734 1905 778 1929 m.
807 1897 832 1929 2
856 1906 885 1929 s.
911 1906 946 1929 u.
972 1895 990 1928 t
1021 1893 1070 1929 W
1092 1895 1150 1929 uel
1177 1894 1222 1928 H
1338 1897 1561 1939 praeteream
1593 1892 1622 1927 C
1646 1895 1705 1936 (m.
1733 1896 1751 1926 1

219 1963 310 1988 corr.
338 1955 592 1997 praeteretum,
619 1965 664 1988 m.
691 1956 716 1988 2
742 1955 990 1999 praeteritum)
1017 1954 1053 1988 R
1135 1956 1156 1988 5
1182 1965 1297 1993 mane.
1324 1965 1369 1988 m.
1396 1957 1415 1988 1
1440 1964 1530 1989 corr.
1558 1954 1681 1987 manet
1705 1951 1754 1986 M

268 2012 361 2046 sicut
387 2011 429 2045 K
558 2013 619 2047 ubi
644 2015 727 2058 (que
754 2016 837 2056 om.)
862 2014 898 2047 A
1019 2014 1039 2047 6
1066 2013 1322 2048 manifestatur
1347 2014 1460 2058 (post.
1488 2024 1508 2047 a
1532 2023 1648 2057 supra
1675 2022 1747 2046 ras.

221 2082 267 2106 m.
292 2073 324 2112 1)
359 2070 409 2104 W
477 2074 540 2106 aut
559 2072 598 2106 D
672 2072 868 2107 abscedens
896 2072 939 2107 K
1033 2074 1109 2107 siue
1137 2073 1188 2114 (iu
1214 2073 1254 2106 in
1281 2075 1368 2116 ras.)
1400 2072 1449 2106 W
1519 2075 1539 2106 b*
1567 2071 1747 2116 praesenti

219 2134 252 2165 et
277 2129 418 2164 absenti
445 2131 548 2165 codd.
577 2143 600 2165 a
721 2131 825 2166 abest
850 2131 894 2166 H
1011 2133 1032 2166 9
1061 2133 1110 2177 θῖ]
1140 2135 1180 2166 ut
1212 2131 1262 2166 W
1378 2131 1588 2166 uox—latet
1614 2141 1682 2164 om.
1710 2129 1752 2163 H

267 2188 382 2232 adest,
409 2201 453 2224 m.
481 2193 506 2224 2
531 2189 634 2224 adest
661 2190 765 2225 adest
789 2195 935 2225 mutata
959 2191 1254 2235 interpunctione
1279 2190 1322 2225 K
1464 2191 1587 2234 etiam]
1618 2193 1654 2224 et
1685 2188 1749 2224 CR

222 2247 265 2282 10
291 2248 379 2283 istas
405 2248 453 2282 M
475 2251 534 2292 (m.
561 2252 579 2282 1
605 2260 695 2284 corr.
722 2250 817 2292 istis)
846 2250 880 2284 B
906 2252 964 2293 (m.
992 2252 1018 2285 2
1042 2251 1137 2293 istis)
1164 2261 1198 2284 m
1224 2251 1315 2284 istos
1334 2250 1385 2293 fl
1495 2253 1614 2284 autem
1642 2248 1747 2282 mira-

219 2304 342 2352 bilius]
371 2307 622 2342 admirabilius
652 2308 717 2344 CR
814 2308 851 2343 id
877 2320 944 2344 om.
971 2309 1090 2345 DRK
1185 2310 1231 2354 qd
1256 2310 1297 2343 in
1325 2320 1398 2344 ras.
1424 2320 1470 2343 m.
1498 2311 1523 2343 2
1555 2307 1604 2342 W
1691 2318 1747 2341 ac-

221 2365 326 2405 cedit,
354 2377 445 2401 corr.
473 2367 604 2402 accidit
623 2368 667 2402 H
691 2368 832 2409 occidit,
860 2380 905 2404 m.
927 2372 952 2403 2
977 2368 1109 2404 accidit
1134 2368 1181 2403 W
1255 2369 1294 2403 11
1319 2368 1508 2412 uerbisque
1535 2366 1747 2402 sonantibus

220 2427 253 2468 (e
279 2436 390 2460 sonan
416 2438 461 2461 m.
488 2429 513 2461 2
538 2427 579 2461 in
605 2428 693 2473 ras.)
725 2427 775 2462 W
867 2433 904 2463 re
930 2428 965 2462 A
1091 2428 1133 2463 12
1158 2428 1406 2462 transitoriam
1433 2427 1472 2462 D
1568 2438 1622 2465 ne,
1651 2437 1694 2459 m.
1723 2427 1748 2458 2

218 2494 333 2528 supra
359 2485 445 2521 add.
474 2497 491 2520 c
522 2486 552 2521 G
671 2486 815 2532 quidam
842 2487 881 2521 D
1002 2487 1138 2532 syllaue
1165 2487 1208 2521 K
1334 2487 1376 2521 13
1402 2487 1517 2530 locus]
1546 2486 1686 2520 locutus
1720 2484 1751 2518 Τ

267 2543 400 2587 primae
426 2544 465 2579 D
598 2557 724 2580 sonare
750 2557 816 2581 om.
848 2546 913 2582 CR
1046 2546 1253 2581 destiterint
1279 2546 1317 2580 D
1445 2549 1480 2579 et
1506 2556 1572 2579 om.
1603 2542 1748 2578 CBHR

222 2602 263 2636 14
296 2602 439 2637 auditor
470 2605 504 2646 (o
535 2604 576 2638 in
606 2614 680 2639 ras.
713 2609 745 2640 et
777 2615 793 2638 r
823 2616 853 2640 3.
879 2616 915 2641 u.
947 2617 992 2640 m.
1028 2608 1066 2651 2)
1097 2605 1144 2640 W
1175 2604 1319 2639 additor
1350 2616 1393 2639 ec
1425 2604 1569 2638 auditor
1598 2607 1638 2637 ut
1670 2603 1746 2636 uid.

218 2661 281 2696 secl
310 2672 354 2696 m.
383 2666 400 2696 1
425 2662 461 2698 R
566 2662 707 2707 adsunt,
733 2675 777 2698 m.
807 2667 831 2698 3
857 2663 979 2699 adsint
1004 2664 1048 2698 H
1179 2665 1221 2699 15
1248 2664 1410 2698 auduunt
1437 2664 1471 2697 P
1572 2660 1665 2707 quod
1693 2663 1744 2706 etl

219 2719 315 2764 quod
346 2720 378 2755 T
402 2721 495 2765 quod
523 2732 541 2755 e
567 2723 626 2764 (m.
655 2724 679 2756 3
706 2725 755 2764 θῖ)
781 2722 824 2757 H
848 2723 941 2768 quod
969 2728 1024 2758 est
1050 2723 1092 2756 K
1189 2724 1230 2757 16
1257 2723 1351 2757 intra
1387 2722 1433 2755 W
1526 2721 1744 2756 articulatim

224 2777 303 2812 TP¹
400 2790 508 2814 sonus
529 2781 562 2814 A
639 2780 680 2814 17
709 2784 763 2815 est.
788 2792 868 2826 om.‚
894 2793 938 2818 m.
967 2784 991 2816 3
1017 2781 1104 2816 add.
1131 2781 1172 2816 H
