1952 3118
494 239 511 260 e
527 239 548 272 p
564 228 575 261 i
591 239 605 262 s
620 230 635 262 t
650 239 670 262 ιι
686 228 696 262 l
712 240 731 262 a
746 240 762 262 r
776 240 843 263 um
885 228 1065 264 CLXXIII
1080 230 1120 264 A.
1161 229 1346 265 CLXXIV.
1599 236 1678 276 651

160 356 328 399 uellem.
375 356 425 398 ad
465 358 669 410 quosdam
709 358 879 400 illorum
916 359 1133 413 peruenire
1172 363 1414 413 potuerunt,
1461 361 1683 416 dispositio

158 440 248 468 mea
287 428 551 481 nequiuisset
589 428 768 482 impleri,
808 429 1085 484 interruptam
1119 430 1392 474 dictationem
1432 433 1682 486 reliqueram

155 499 345 553 cogitans
385 499 463 541 hoc
501 499 640 553 ipsum
679 500 718 540 in
759 499 971 553 aliquibus
1011 501 1180 555 scriptis
1226 501 1330 544 meis
1375 503 1589 557 conqueri,
1636 508 1682 545 ut

156 571 324 612 seirent.
371 571 443 623 qui
482 574 668 624 possent.
714 583 793 611 non
834 584 856 611 a
896 584 960 612 me
998 571 1130 613 fuisse
1169 572 1338 614 eosdem
1377 573 1507 616 libros
1546 574 1682 616 editos

112 659 126 681 5
154 644 226 688 sed
270 643 445 693 ablatos.
489 641 735 696 priusquam
780 641 883 682 mihi
923 641 1106 683 editione
1146 655 1238 684 mea
1277 643 1389 698 digni
1429 644 1681 686 uiderentur.

154 729 300 758 uerum
322 713 553 756 multorum
574 713 748 754 fratrum
777 713 1154 755 uehementissima
1179 714 1463 766 postulatione
1491 718 1532 757 et
1558 716 1684 757 maxi-

153 801 218 828 me
264 791 336 827 tua
375 785 562 827 iussione
603 784 848 837 compulsus
889 796 994 837 opus
1032 787 1119 825 tani
1158 784 1416 827 laboriosum
1456 786 1682 828 adiuuante

153 858 320 900 ‹lomino
368 856 591 897 terminare
636 856 781 897 curaui
826 867 982 908 eosque
1028 855 1287 904 emendatos,
1337 869 1415 898 non
1461 860 1509 898 ut
1548 858 1680 900 uolui.

153 929 226 970 sed
254 931 300 969 ut
328 927 460 981 potui,
495 939 544 967 ne
572 926 622 967 ab
650 926 750 975 illis,
786 926 855 979 qui
885 926 1075 978 subrepti
1102 926 1185 967 iam
1213 926 1252 968 in
1281 939 1430 969 manus
1463 928 1679 970 hominum

92 1014 124 1036 ιι·
153 1000 350 1041 exierant.
378 997 607 1052 plurimum
637 997 932 1050 discreparent,
954 997 1214 1038 uenerationi
1234 1000 1333 1039 tuae
1360 1011 1434 1052 per
1453 998 1587 1040 filium
1609 1012 1678 1040 no-

151 1079 284 1111 strum
318 1068 620 1111 condiaconum
650 1068 916 1109 carissimum
950 1068 1047 1109 misi
1075 1070 1117 1109 et
1149 1068 1401 1122 cuicumque
1435 1069 1677 1121 audiendos,

150 1141 350 1195 legendos
392 1139 773 1193 describendosque
814 1139 997 1193 permisi.
1038 1139 1078 1180 in
1121 1139 1276 1193 quibus
1316 1140 1351 1180 si
1392 1140 1550 1181 seruari
1589 1154 1681 1182 mea

151 1210 371 1264 dispositio
399 1210 623 1264 potuisset.
652 1212 793 1251 essent
819 1209 1006 1262 profecto
1036 1209 1116 1250 etsi
1149 1210 1315 1251 easdem
1350 1210 1582 1252 sententias
1612 1210 1680 1251 ha-

149 1282 296 1322 bentes
318 1280 452 1322 multo
473 1283 611 1322 tamen
634 1280 896 1321 enodatiores
918 1282 1043 1332 atque
1065 1280 1287 1333 planiores,
1310 1283 1513 1334 quantum
1540 1294 1679 1322 rerum

92 1369 122 1393 ιε,
149 1354 360 1393 tantarum
388 1351 725 1405 explicandarum
755 1350 983 1392 difficultas
1012 1353 1054 1392 et
1078 1351 1259 1392 facultas
1287 1354 1430 1392 nostra
1455 1354 1680 1405 pateretur.

152 1428 249 1463 sunt
286 1425 442 1473 autem,
488 1422 561 1474 qui
599 1422 757 1475 primos
803 1424 1002 1475 quattuor
1040 1423 1108 1463 uel
1146 1423 1289 1476 potius
1328 1423 1513 1476 quinque
1553 1423 1678 1464 etiam

153 1494 240 1534 sine
267 1493 492 1551 prooemiis
525 1493 681 1534 habent
712 1500 753 1534 et
786 1493 1080 1534 duodecimum
1116 1493 1203 1534 sine
1236 1497 1419 1535 extrema
1450 1496 1566 1547 parte
1599 1507 1678 1536 non

152 1577 291 1617 parua.
324 1564 396 1606 sed
436 1564 472 1604 si
506 1564 565 1606 eis
604 1564 706 1605 haec
747 1563 875 1605 editio
915 1564 1100 1617 potuerit
1136 1564 1410 1617 innotescere,
1451 1565 1603 1614 omnia,
1643 1565 1678 1606 si

152 1634 363 1676 noluerint
390 1637 431 1675 et
458 1634 681 1684 ualuerint‚
715 1634 1010 1675 emendabunt.
1044 1637 1142 1687 peto
1169 1648 1282 1683 sane,
1316 1637 1364 1677 ut
1390 1635 1494 1676 hanc
1521 1635 1679 1688 epistu-

89 1726 122 1749 ει..
150 1707 230 1747 lam
266 1719 455 1747 seorsum
490 1705 657 1759 quidem
693 1705 766 1747 sed
798 1709 937 1746 tamen
972 1705 1022 1746 ad
1056 1711 1183 1759 caput
1216 1707 1441 1748 eorundem
1474 1706 1675 1748 librorum

148 1777 295 1818 iubeas
328 1777 537 1830 anteponi.
572 1789 640 1817 ora
673 1789 746 1829 pro
780 1789 859 1818 me.

201 1940 214 1972 1
233 1938 468 1983 dispositione
483 1950 563 1972 mea
581 1939 611 1971 O
660 1941 681 1972 ’.ἐ
697 1939 932 1983 interruptam
949 1938 1143 1972 dictionem
1163 1938 1179 1971 Ι
1191 1939 1390 1983 interrupta
1406 1938 1603 1973 dictatione
1618 1938 1677 1973 M¹

151 1999 170 2032 :3
198 1999 286 2031 meis
313 1998 454 2042 scriptis
481 1998 560 2031 edd.
635 2000 655 2031 4
683 1998 824 2042 possint
849 1998 883 2032 L
969 1999 989 2032 5
1017 1997 1170 2042 ablatos}
1199 1998 1243 2032 ab
1270 1998 1360 2032 alios
1387 2000 1491 2041 (corr.
1520 1999 1615 2041 aliis)
1647 1999 1681 2033 Γ

152 2057 168 2089 ἶ
199 2057 651 2091 a-liuuautc—emendatos
678 2069 758 2094 om..
779 2058 820 2091 in
844 2058 1030 2101 superiore
1048 2069 1161 2101 mara.
1183 2060 1242 2099 (m.
1264 2060 1283 2091 1
1301 2056 1333 2100 ?)
1354 2057 1441 2092 add.
1460 2057 1502 2091 H
1573 2060 1594 2091 9
1615 2058 1679 2092 scil

152 2117 187 2149 ιἰι
218 2127 289 2149 ras.
317 2117 374 2155 (m.
405 2119 422 2148 1
452 2115 485 2157 .9)
513 2116 553 2149 II
673 2116 784 2150 ne*ab
816 2117 845 2149 O
967 2117 1017 2151 eis
1048 2116 1080 2150 'J'
1194 2116 1355 2162 subrepti
1382 2117 1452 2151 iam
1479 2128 1558 2153 om..
1585 2130 1612 2152 s.
1640 2129 1675 2151 u.

151 2187 193 2209 m.
223 2178 239 2208 1
261 2175 346 2210 add.
374 2175 530 2209 subrecti
557 2175 625 2209 iam
654 2175 684 2208 V
710 2175 888 2220 subrepti*
910 2176 979 2209 iam
1009 2176 1104 2219 (suit
1124 2179 1154 2217 s)
1176 2175 1216 2210 H
1289 2175 1454 2210 hominus
1477 2179 1508 2216 (s
1528 2181 1623 2221 emp.)
1645 2176 1677 2210 J,

154 2237 195 2268 1⁴»
222 2235 462 2279 plurimuinm
494 2234 528 2269 U
650 2236 687 2268 11
718 2234 970 2269 condiaconem
1006 2235 1038 2268 V
1062 2235 1248 2269 diaconum
1283 2235 1314 2269 T
1426 2236 1618 2280 unicuique
1647 2235 1676 2268 L

154 2295 194 2327 1³3
234 2294 405 2339 legendos
444 2294 650 2328 scribendos
695 2294 763 2329 OT
804 2293 976 2337 legendos
1022 2298 1058 2328 et
1102 2294 1310 2329 scribendos
1357 2294 1389 2327 V
1424 2294 1677 2329 describendos

151 2353 410 2388 (discribendos
430 2353 505 2389 llll>
534 2353 780 2398 legendosque
800 2353 907 2387 MM¹
934 2353 1012 2389 edd.
1087 2354 1251 2399 permisit
1281 2356 1311 2387 O
1383 2366 1462 2388 mea
1488 2354 1678 2399 dispositio

150 2413 283 2447 seruari
318 2413 350 2446 V
402 2414 442 2447 13
469 2417 587 2446 essent
615 2424 657 2446 ea:
682 2423 774 2446 corr.
803 2425 845 2446 m.
872 2417 911 2446 m
941 2413 1014 2447 uid.
1043 2417 1060 2447 1
1085 2413 1134 2447 M
1182 2414 1224 2447 14
1250 2416 1409 2447 tamenn
1435 2413 1529 2456 (suit
1554 2414 1612 2457 en)
1638 2413 1678 2446 H

199 2473 407 2517 planitiores
434 2473 475 2514 (ti
503 2475 609 2511 eras.)
637 2472 696 2505 M*
773 2473 815 2505 15
842 2472 1095 2507 ‹listicultasaet
1114 2473 1155 2507 H
1231 2473 1271 2507 17
1300 2473 1492 2517 proliemiis
1519 2484 1562 2507 ai·
1587 2484 1677 2507 corr.

153 2543 184 2564 rt.
214 2543 256 2565 m.
284 2535 323 2565 ut
348 2531 445 2573 uicl.;
461 2531 583 2575 fuisse
608 2531 684 2564 uid.
712 2531 816 2575 pmiis
846 2531 883 2564 Il
1004 2530 1191 2566 duodecim
1223 2531 1258 2566 U
1388 2535 1489 2576 parte
1515 2543 1584 2565 non
1613 2532 1676 2569 bis,

144 2592 329 2634 posterius
355 2593 454 2635 pai-tt¹
481 2602 526 2625 m.
555 2593 572 2623 1
598 2590 664 2624 del.
702 2590 726 2623 1”
827 2602 895 2624 non
923 2601 1034 2636 parua
1060 2602 1126 2624 om.
1154 2591 1213 2625 111ι
1339 2592 1379 2625 18
1407 2590 1483 2635 sed]
1510 2602 1589 2624 nam
1619 2591 1677 2625 Μἱ

198 2650 394 2693 pntiimerit
424 2650 458 2682 ΙΙ
559 2650 600 2683 19
628 2649 809 2683 ualuerint
836 2652 870 2683 et
898 2649 1079 2683 noluerint
1106 2650 1154 2684 M
1247 2650 1436 2695 epistolam
1463 2660 1620 2684 seorsum
1647 2654 1677 2684 vt

151 2706 321 2741 librorum
348 2708 471 2742 iubeas
498 2709 667 2753 anteponi
687 2709 726 2742 in
748 2720 820 2742 ras.
840 2720 884 2742 m.
906 2713 946 2743 ut
965 2709 1042 2743 uid.
1064 2713 1088 2742 2
1108 2709 1150 2743 H
1197 2709 1242 2743 ‘20
1263 2708 1470 2753 eorundem}
1493 2720 1613 2743 eorum
1633 2709 1680 2743 M

149 2767 189 2801 21
213 2771 295 2811 post
316 2767 439 2801 iubeas
465 2778 537 2801 ras.
565 2767 702 2808 (iubeas
730 2768 902 2802 iteratum
927 2768 1042 2811 suis-se
1066 2768 1159 2809 uid.)
1191 2768 1225 2802 U
1296 2769 1370 2811 ora]
1398 2767 1477 2801 nale
1504 2779 1565 2802 ora
1592 2767 1675 2802 Hm

198 2838 257 2859 «vra
285 2837 345 2871 pro
372 2837 427 2860 me
454 2837 521 2860 om.
552 2826 719 2861 OLM¹T
742 2838 802 2860 ora
829 2838 891 2872 pro
917 2827 1022 2861 nobis
1050 2827 1134 2860 ,ἸῙΓ
1157 2838 1219 2861 ora
1244 2838 1306 2872 pro
1334 2827 1438 2860 nobis
1465 2837 1566 2860 amen
1600 2827 1633 2861 l*
