1952 3118
696 109 1047 154 epistularum
1087 108 1214 146 CLIII.
1631 113 1713 153 411

186 246 311 289 esset,
338 251 417 280 non
445 237 652 278 ueraciter
678 237 881 279 dicerent:
916 238 1128 279 Dimitte
1163 239 1305 280 nobis
1333 239 1501 280 debita
1530 242 1712 280 nostra.

184 310 281 352 boni
315 322 427 364 ergo,
466 309 507 350 in
541 311 744 362 quantum
777 309 854 350 filii
886 309 953 350 dei
987 311 1098 359 sunt,
1137 309 1177 350 in
1211 311 1415 362 quantum
1448 311 1588 350 autern
1622 321 1714 363 pec·-

185 384 292 425 cant.
339 380 450 433 quod
496 393 574 421 sua
617 393 696 422 non
741 380 932 422 mendaci
984 380 1243 422 confessione
1294 383 1517 429 testantur,
1570 380 1715 433 utique

183 452 283 493 mali
316 453 428 493 sunt.

241 522 334 564 Nisi
383 523 490 563 forte
541 522 635 574 quis
686 521 800 563 dicat
849 521 930 562 alia
979 521 1181 562 bonorum
1234 521 1316 562 alia
1365 521 1571 563 malorum
1623 534 1714 563 esse

183 596 366 647 peccata,
400 593 512 646 quod
545 606 625 634 non
651 605 786 646 usque
820 605 985 645 quaque
1019 592 1337 645 inprobabiliter
1367 592 1533 634 dicitur.
1567 605 1714 633 uerum

183 667 323 706 tamen
356 664 551 705 dominus
584 664 703 705 Iesus
737 663 826 705 sine
865 663 953 704 ulla
992 662 1271 717 ambiguitate
1310 663 1445 705 malos
1485 663 1718 716 appellauit

184 734 352 776 eosdem
391 735 521 788 ipsos,
562 747 739 787 quorum
779 737 941 787 patrem
980 734 1149 775 dicebat
1187 733 1326 775 deum.
1366 747 1460 775 nam
1494 734 1535 775 in
1569 734 1714 775 eodeni

183 819 385 855 sermone,
426 805 498 847 ubi
535 806 651 847 illam
693 805 815 846 docet
854 805 1100 854 orationem,
1146 805 1227 846 alio
1272 805 1364 846 loco
1407 805 1626 846 exhortans
1666 805 1717 845 ad

182 876 437 931 precandum
477 876 599 918 deum
640 876 716 918 ait:
763 876 929 917 Petite
975 878 1022 917 et
1066 875 1349 930 accipietis,
1395 876 1622 929 quaerite
1669 878 1715 917 et

182 948 471 996 inuenietis,
517 948 718 1001 pulsate
764 950 810 988 et
856 947 1113 1001 aperietur
1157 947 1322 995 uobis;
1370 947 1527 989 omnis
1573 947 1714 999 enini,

184 1019 264 1073 qui
299 1019 442 1072 petit.
481 1019 763 1072 accipitet,
804 1019 886 1072 qui
928 1018 1140 1072 quaerit,
1179 1018 1378 1060 inuenit
1409 1021 1457 1060 et
1490 1019 1715 1072 pulsanti

183 1091 458 1145 aperietur;
494 1092 537 1132 et
568 1091 693 1144 paulo
727 1092 842 1143 post:
884 1090 933 1132 Si
967 1103 1081 1144 ergo
1114 1102 1218 1134 uos.
1258 1090 1409 1143 inquit,
1451 1102 1558 1131 cum
1599 1090 1714 1131 sitis

182 1162 313 1211 mali,
341 1162 502 1203 nostis
531 1161 656 1203 bona
683 1161 797 1202 data
819 1161 933 1202 dare
953 1161 1085 1203 filiis
1107 1161 1314 1209 uestris,
1344 1163 1528 1214 quanto
1555 1161 1715 1215 magis

184 1236 325 1286 pater
357 1234 539 1281 uester,
575 1233 658 1286 qui
689 1232 735 1273 in
770 1232 927 1274 caelis
962 1235 1051 1282 est,
1092 1232 1232 1273 dabit
1263 1233 1390 1273 bona
1420 1232 1714 1286 petentibus

183 1304 251 1344 se!
291 1315 389 1344 uum
428 1304 560 1358 igitur
599 1303 702 1345 deus
747 1305 864 1357 pater
908 1303 1112 1345 malorum
1161 1306 1253 1344 est?
1297 1303 1418 1345 absit.
1463 1316 1545 1357 quo
1589 1302 1715 1344 modo

184 1386 280 1429 ergo
314 1375 468 1416 dicitur
507 1377 660 1428 ‘pater
692 1377 864 1416 uester
898 1375 1163 1426 caelestis',
1206 1375 1360 1428 quibus
1401 1375 1556 1417 dicitur
1593 1375 1714 1416 ‘cuin

183 1444 299 1486 sitis
333 1446 478 1489 niali'.
512 1445 592 1486 nisi
626 1445 725 1498 quia
758 1447 983 1498 utrumque
1018 1446 1173 1487 ueritas
1201 1448 1421 1496 monstrat,
1455 1445 1556 1499 quid
1583 1445 1715 1486 simus

182 1512 248 1557 dei
267 1516 388 1567 bono,
417 1516 517 1570 quid
542 1517 726 1558 humano
746 1516 866 1564 uitio,
894 1517 972 1558 hoc
994 1516 1304 1567 commendans,
1331 1516 1440 1558 illud
1460 1516 1715 1558 emendans?

303 1679 345 1713 10
370 1679 501 1715 Matth.
530 1680 561 1719 7,
590 1679 699 1721 7—8;
730 1680 788 1720 11;
817 1679 901 1713 Luc.
931 1679 985 1718 11,
1012 1679 1145 1719 9—10;
1177 1679 1218 1713 13

232 1763 247 1796 1
277 1762 425 1807 diceret,
451 1774 496 1799 m.
524 1766 542 1797 1
569 1774 660 1798 corr.
688 1762 849 1797 dicerent
874 1763 921 1796 M
1056 1763 1077 1797 2
1104 1762 1140 1796 in
1167 1764 1341 1807 quantum
1368 1762 1448 1806 filii]
1477 1762 1512 1795 in
1540 1764 1714 1806 quantum

182 1833 249 1856 non
277 1825 428 1867 peccant
454 1821 519 1856 filii
545 1822 624 1856 edd.
647 1825 794 1867 praeter
819 1833 853 1856 m
962 1821 1027 1856 filii
1055 1821 1112 1855 dei
1139 1823 1224 1856 sunt
1249 1822 1286 1855 in
1313 1823 1486 1866 quantum
1512 1832 1592 1863 om„
1617 1833 1661 1855 m.
1690 1826 1715 1855 ,2

180 1893 207 1915 s.
233 1892 269 1916 u.
297 1881 382 1916 add.
410 1881 456 1916 P¹
557 1884 694 1927 peccat,
721 1893 765 1916 m.
794 1883 812 1915 1
838 1892 929 1916 corr.
956 1885 1108 1926 peccant
1132 1880 1177 1914 H
1247 1882 1267 1916 3
1294 1879 1472 1914 mendacii
1496 1880 1532 1914 A
1630 1892 1713 1915 con-

181 1940 335 1975 fessione
362 1951 442 1975 cum
466 1951 540 1975 ras.
567 1951 676 1985 super
694 1944 811 1985 postr.
841 1940 863 1974 l.
890 1940 935 1973 M
962 1939 1206 1974 confessione*
1229 1939 1279 1984 (m
1305 1943 1412 1982 eras.)
1432 1938 1485 1973 P³
1553 1940 1570 1972 7
1598 1939 1713 1983 Iesus}

181 1999 266 2034 deus
292 1999 324 2033 L
446 2000 466 2034 9
495 2011 692 2034 sermonem
719 1998 769 2033 P2
903 1999 979 2043 ubi}
1008 1998 1109 2033 uerbi
1135 1998 1169 2032 L
1291 1998 1335 2033 ad
1362 1997 1581 2043 precandum
1609 1998 1712 2033 deum

179 2069 246 2092 om.
280 2058 353 2093 VH
377 2058 421 2093 ad
449 2058 665 2104 precandum
694 2058 798 2093 deum
827 2059 880 2093 ait
907 2070 985 2101 om„
1012 2070 1057 2093 m.
1086 2059 1111 2092 2
1135 2070 1162 2093 s.
1189 2069 1224 2092 u.
1254 2057 1341 2092 add.
1368 2057 1416 2091 Pl
1562 2057 1606 2092 ad
1633 2070 1711 2103 pre-

181 2117 371 2158 dicantem,
403 2129 448 2151 m.
477 2121 501 2151 2
533 2117 578 2152 ad
610 2117 848 2163 praecandum
876 2117 906 2152 S
935 2117 980 2152 ad
1013 2117 1192 2162 pdicante,
1223 2128 1267 2150 m.
1297 2118 1322 2150 2
1348 2116 1400 2150 ait
1431 2117 1571 2162 pulsate
1597 2117 1646 2151 M
1668 2117 1711 2151 ad

182 2175 456 2220 praedicandum
482 2177 517 2210 A
544 2176 587 2211 ad
615 2176 786 2210 orandum
814 2176 864 2210 122
917 2177 959 2210 10
986 2175 1201 2221 precandum
1230 2175 1336 2210 deum
1363 2176 1415 2209 ait
1439 2176 1561 2220 spatio
1589 2177 1712 2211 relicto

180 2246 246 2272 om.
272 2235 357 2269 PP¹
457 2235 561 2269 deum
588 2246 655 2270 om.
683 2237 716 2269 A
816 2234 1115 2280 deum—pulsate
1142 2235 1182 2268 in
1201 2234 1281 2279 fine
1304 2245 1341 2268 u.
1368 2244 1436 2268 om.
1463 2234 1511 2268 M
1607 2235 1709 2269 deum

180 2294 246 2339 ait]
275 2298 311 2329 et
338 2294 517 2339 aperietur
543 2295 658 2334 uobis,
686 2306 729 2329 m.
759 2297 784 2329 2
809 2298 850 2328 ut
876 2294 1059 2339 aperiatur
1085 2293 1189 2328 nobis
1217 2293 1246 2328 S
1324 2293 1388 2338 ait]
1417 2293 1507 2328 dicit
1540 2294 1573 2327 V
1650 2306 1709 2339 pe-

180 2354 259 2398 tite,
284 2365 329 2388 m.
352 2357 377 2388 2
402 2355 516 2398 petite
542 2354 662 2398 inquit
682 2354 712 2388 S
763 2355 801 2388 11
833 2353 1029 2388 inuenietis
1055 2354 1176 2396 (inucn
1204 2363 1248 2387 ecc
1272 2364 1346 2387 ras.
1374 2357 1406 2387 et
1432 2364 1523 2387 corr.
1546 2365 1589 2387 m.
1612 2356 1642 2396 1)
1662 2354 1711 2387 P*

227 2413 433 2458 aperientur
459 2418 492 2455 (n
518 2425 563 2447 m.
591 2416 617 2448 2
642 2416 738 2458 emp.)
758 2413 804 2446 M
877 2412 981 2447 uobis
1002 2412 1056 2447 bis
1075 2412 1111 2447 P
1162 2412 1204 2446 12
1226 2412 1376 2458 accepit,
1403 2423 1494 2447 corr.
1522 2413 1653 2458 accipit
1671 2413 1714 2446 ΙΙ

226 2472 387 2507 inueniet
412 2472 444 2506 L
535 2473 576 2507 13
604 2484 681 2513 ego,
708 2484 753 2506 m.
782 2475 800 2506 1
826 2483 917 2507 corr.
945 2483 1029 2517 ergo
1055 2472 1104 2506 M
1198 2483 1262 2506 uos
1288 2483 1368 2512 om„
1394 2484 1438 2506 m.
1467 2475 1492 2506 2
1518 2471 1604 2506 add.
1631 2472 1713 2506 P¹S

180 2541 243 2565 uos
269 2542 334 2565 om.
370 2531 401 2564 V
507 2543 584 2566 cum
613 2532 732 2576 inquit
757 2531 808 2565 1¹²
933 2531 974 2565 14
1001 2531 1104 2565 mali.
1126 2531 1221 2575 (suit
1247 2533 1277 2572 s)
1304 2530 1347 2564 H
1454 2530 1541 2564 data
1567 2542 1632 2565 om,
1661 2531 1710 2564 1²²

181 2590 265 2625 data
290 2593 420 2634 (postr.
448 2591 470 2625 l.
497 2602 541 2625 ea:
567 2601 658 2625 corr.
685 2602 730 2626 m.
760 2594 798 2635 2)
824 2590 870 2624 Μ
970 2590 1011 2624 16
1038 2589 1127 2624 deus
1152 2601 1220 2626 om.
1247 2590 1283 2623 A
1387 2596 1488 2634 pater
1513 2601 1593 2627 om..
1620 2601 1664 2626 m.
1692 2594 1710 2624 1

181 2647 266 2683 add.
292 2648 343 2683 1³²
418 2650 458 2684 17
488 2649 619 2683 dicitur
644 2661 711 2684 om.
739 2649 779 2683 ΙΙ
851 2650 893 2683 18
921 2648 1026 2693 quod,
1053 2660 1097 2683 m.
1123 2652 1138 2682 1
1164 2660 1255 2683 corr.
1284 2648 1369 2693 quid
1399 2648 1429 2682 V
1503 2649 1544 2683 19
1572 2649 1638 2683 deo
1659 2650 1709 2684 1²²

227 2708 330 2750 bono,
357 2720 401 2744 m.
423 2712 441 2743 1
467 2719 558 2743 corr.
587 2709 678 2743 dono
699 2708 747 2743 M
771 2709 877 2749 bono,
905 2719 949 2742 m.
971 2710 996 2742 2
1023 2707 1115 2742 dono
1136 2708 1206 2742 ΡΑ
1234 2707 1327 2742 dono
1354 2707 1388 2742 U
1405 2707 1484 2742 edd.
1506 2712 1655 2753 praeter
1674 2720 1706 2743 m
