1844 3122
58 982 89 1004 10

59 1335 92 1360 15

610 197 962 242 epistularum
1003 196 1139 232 CXXX.
1587 202 1652 242 45⁴

112 328 322 368 brarum
357 329 406 368 et
439 327 758 369 manifestet
791 327 1164 381 cogitationes
1204 327 1385 369 cordis
1426 330 1475 369 et
1514 330 1644 370 tunc

112 398 229 439 laus
264 397 367 439 erit
399 398 697 451 unicuique
732 411 754 438 a
787 398 892 440 deo.

171 469 217 510 In
256 468 321 510 his
359 468 490 522 igitur
527 469 641 510 uitae
680 469 805 511 huius
845 469 1042 518 tenebris,
1076 482 1115 509 1n
1151 469 1304 522 quibus
1338 470 1643 524 peregrina-

114 552 278 580 mura
311 539 538 589 domino,
573 552 695 593 quam
732 539 803 580 diu
844 553 933 593 per
972 540 1135 581 fidem
1175 541 1510 583 ambulamus
1545 553 1642 582 non

114 623 203 664 per
236 611 482 664 speciem,
517 610 748 652 desolatam
778 623 821 652 se
849 611 973 652 debet
999 611 1136 652 anima
1165 610 1402 652 Christiana
1430 612 1645 665 deputare.

113 694 162 722 ne
207 681 385 723 desistat
435 694 548 722 orare
594 684 636 723 et
680 681 980 735 scripturarum
1032 681 1270 723 diuinarum
1323 686 1646 736 sanctarumque

114 752 297 794 sermoni
329 755 594 805 tamquam
630 753 883 794 lucernae
918 753 966 793 in
1001 753 1230 794 obscuro
1270 754 1389 795 loco
1429 754 1643 806 positae

113 823 210 864 fidei
243 823 412 865 oculum
445 823 671 866 intendere.
706 823 870 865 donec
912 823 1026 865 dies
1065 824 1314 865 lucescat
1353 827 1403 866 et
1440 824 1647 866 lucifer

116 895 324 936 oriatur
355 895 403 935 in
444 894 699 936 cordibus
733 895 900 936 nostris.
934 895 1062 936 huius
1097 895 1206 937 enirn
1239 895 1434 937 lucernae
1469 895 1640 949 quidam

115 966 206 1008 sons
239 966 461 1007 ineffabilis
494 966 635 1007 lumen
669 966 776 1007 illud
810 968 886 1016 est,
916 966 1027 1020 quod
1062 966 1122 1007 sic
1154 968 1268 1008 lucet
1299 966 1338 1007 in
1373 967 1570 1017 tenebris,
1599 970 1647 1009 ut

116 1051 196 1079 non
229 1037 605 1090 comprehendatur
637 1051 659 1078 a
690 1037 889 1088 tenebris,
925 1038 991 1079 cui
1026 1037 1206 1079 uidendo
1246 1039 1326 1079 fide
1367 1039 1490 1080 corda
1529 1052 1636 1080 mun-

117 1109 252 1150 danda
285 1111 394 1150 sunt.
426 1108 571 1150 beati
606 1109 714 1150 enim
757 1108 1150 1159 mundicordes7
1186 1109 1309 1162 quia
1347 1109 1455 1163 ipsi
1495 1109 1644 1150 deum

118 1180 395 1229 uidebunt,
424 1185 484 1221 et:
514 1179 737 1230 Scimus,
766 1181 903 1233 quia,
933 1193 1043 1221 cum
1072 1181 1404 1234 apparuerit,
1433 1180 1645 1222 similes

118 1252 162 1292 ei
191 1250 403 1301 erimus,
438 1251 684 1305 quoniam
718 1251 1027 1293 uidebimus
1063 1264 1190 1301 eum,
1225 1252 1395 1293 sicuti
1423 1254 1517 1293 est.
1546 1254 1647 1293 ‘tunc

119 1322 198 1363 erit
229 1334 327 1363 uera
359 1322 449 1363 uita
486 1324 583 1376 post
623 1326 801 1364 mortem
835 1335 1067 1376 uerumque
1108 1323 1311 1364 solacium
1352 1326 1450 1377 post
1487 1323 1649 1364 desola-

118 1393 289 1435 tionem.
333 1393 407 1435 illa
450 1393 539 1435 uita
577 1394 731 1435 eximet
776 1393 1003 1435 animam
1054 1396 1240 1435 nostram
1287 1394 1345 1435 de
1394 1397 1560 1436 morte
1607 1396 1649 1435 et

240 1567 260 1601 3
285 1565 321 1600 11
349 1565 426 1601 Cor.
455 1567 487 1609 5,
514 1567 605 1602 6-7
705 1567 723 1600 7
751 1566 787 1600 11
814 1566 908 1600 Petr.
938 1567 968 1607 1,
999 1566 1040 1600 19
1142 1567 1184 1601 10
1211 1566 1287 1601 Iob.
1317 1566 1347 1608 1,
1375 1567 1395 1600 ὅ
1497 1566 1537 1601 11
1567 1565 1648 1600 Act.

124 1627 177 1662 15.
205 1627 224 1661 9
301 1627 343 1660 12
370 1626 499 1661 Matth.
526 1627 558 1669 5,
586 1627 606 1660 8
683 1626 724 1660 13
752 1625 768 1660 Ι
794 1626 870 1660 Ioh.
897 1627 930 1666 3,
957 1626 977 1659 2
1054 1626 1096 1660 16
1126 1626 1180 1662 Ps.
1211 1627 1290 1671 114,
1318 1627 1337 1660 3

172 1734 185 1766 1
217 1732 456 1776 cogitationes
490 1730 620 1775 cordis]
657 1731 806 1765 consilia
838 1730 997 1765 cordium
1025 1733 1058 1764 A
1091 1743 1158 1766 sec.
1184 1742 1276 1766 sacr.
1307 1731 1374 1766 litt.
1498 1732 1519 1765 2
1546 1732 1622 1765 erit
1642 1732 1650 1762 κ’

122 1795 263 1836 (parua
290 1793 377 1834 ras.)
404 1789 451 1824 Ρι
574 1791 594 1825 3
621 1790 664 1824 iis
691 1790 766 1833 Ην
781 1801 813 1823 m
923 1791 1028 1824 huius
1055 1801 1122 1824 om.
1149 1790 1197 1824 Ρ1
1296 1791 1565 1836 peregrinamur
1590 1793 1650 1833 (na

122 1862 166 1887 m.
195 1853 219 1884 2
243 1863 271 1885 ..sn
297 1852 347 1893 u.)
383 1849 413 1883 V
436 1861 456 1894 p
484 1850 751 1895 peregrinamur
778 1852 813 1894 (p
841 1859 948 1892 eras.)
975 1850 1017 1883 K
1110 1852 1130 1885 5
1158 1850 1304 1895 spicicm
1331 1851 1366 1884 A
1464 1862 1500 1884 se
1528 1850 1651 1894 debet]

123 1910 184 1944 sed
211 1910 319 1944 debet
344 1921 381 1944 se
412 1909 441 1944 O
467 1909 575 1943 debet
601 1921 637 1943 se
664 1909 744 1943 edd.
844 1909 1040 1944 christiana
1065 1909 1183 1943 anima
1209 1909 1287 1943 edd.
1394 1908 1566 1954 deputare
1593 1908 1651 1951 (de

122 1973 216 2013 exp.)
250 1969 282 2002 V
305 1969 479 2013 duputare
508 1967 569 2002 (du
597 1968 681 2011 del>
706 1968 745 2002 F
767 1971 931 2014 reputare
959 1980 992 2002 m
1020 1974 1146 2013 putare
1172 1967 1222 2002 P²
1247 1973 1323 2003 cett.
1352 1968 1431 2003 edd.
1547 1971 1568 2001 (5
1595 1979 1651 2010 ne,

123 2039 213 2063 corr.
239 2038 303 2062 nec
338 2028 369 2061 V
391 2038 446 2063 ne.
474 2039 518 2062 m.
546 2032 571 2061 2
597 2039 660 2062 nec
686 2027 728 2061 K
750 2039 815 2062 nec
840 2027 890 2062 122
987 2032 1023 2062 et
1048 2039 1115 2063 om.
1142 2028 1192 2062 Ρ2
1300 2030 1574 2072 sanctorumque
1599 2026 1653 2062 1³2

125 2089 143 2121 7
171 2088 322 2122 sermoni
422 2087 475 2129 (in
501 2098 573 2122 ras.
602 2099 644 2122 m.
673 2089 698 2121 2
723 2087 802 2130 bus)
832 2090 853 2122 Ι
878 2088 1042 2131 sermoni,
1071 2099 1114 2122 m.
1142 2090 1168 2122 2
1194 2088 1347 2122 sermoni
1375 2087 1490 2122 discat
1524 2087 1552 2120 V
1578 2098 1650 2121 scr-

123 2158 265 2181 monum
298 2150 335 2180 et
366 2146 481 2181 discat
506 2146 557 2179 1'2
587 2147 740 2180 sermoni
775 2146 890 2181 discat
922 2146 1001 2181 edd.
1147 2149 1331 2192 tamquam
1359 2157 1402 2181 ex
1427 2157 1517 2181 corr.
1545 2157 1587 2179 m.
1617 2149 1654 2187 2,

115 2207 236 2250 fuisse
259 2206 336 2240 uid.
362 2206 500 2250 tainqui
531 2206 561 2239 (J
633 2206 782 2240 abscuro
811 2205 857 2239 12¹
908 2207 928 2241 9
956 2206 1093 2240 oriatur
1117 2209 1151 2248 (a
1179 2206 1217 2240 in
1245 2217 1317 2240 ras.
1339 2210 1372 2240 et
1394 2206 1583 2245 incertum)
1613 2204 1653 2238 K

172 2266 301 2299 uestris
321 2264 371 2298 122
442 2264 636 2299 ineffabilis
658 2264 802 2309 quidam
831 2264 909 2299 fons
935 2265 965 2300 O
1018 2265 1059 2299 10
1086 2263 1176 2299 illud
1202 2276 1269 2299 om.
1289 2264 1337 2298 1³¹
1392 2265 1430 2299 11
1459 2275 1573 2308 supra
1596 2263 1651 2297 cui

125 2324 209 2359 add.
238 2325 270 2358 -i-
298 2324 425 2359 lumini
455 2325 485 2360 Ο
594 2323 740 2358 uidente
771 2323 800 2357 O
827 2323 994 2363 uiuendo,
1020 2334 1112 2359 corr.
1139 2323 1294 2358 uidendo
1321 2322 1360 2357 F
1381 2323 1576 2358 inherendo
1604 2322 1655 2356 P2

170 2383 303 2418 munda
329 2384 376 2417 P¹
405 2387 463 2426 (m.
493 2386 516 2417 3
541 2382 760 2426 mundanda)
787 2383 820 2416 L
937 2383 979 2418 12
1006 2382 1255 2417 mundicordes
1283 2386 1313 2425 (s
1340 2383 1381 2416 in
1407 2393 1478 2416 ras.
1507 2382 1585 2415 alia
1614 2385 1652 2414 u!

124 2442 198 2477 uid.
232 2447 292 2485 m.)
325 2443 391 2477 PC
420 2443 550 2477 mundo
584 2448 617 2477 (o
655 2454 682 2476 s.
722 2454 769 2483 u.,
807 2442 913 2486 infra
951 2453 996 2478 m.
1034 2445 1053 2476 1
1084 2442 1122 2487 g)
1160 2441 1264 2477 corde
1298 2442 1339 2476 K
1374 2441 1505 2476 mundo
1546 2439 1652 2474 corde

129 2501 364 2536 OMFAP²L
389 2502 467 2536 edel.
493 2512 559 2536 sec.
593 2501 697 2545 Vuly.
808 2501 903 2546 quia,
931 2512 975 2535 m.
1003 2503 1028 2534 2
1054 2501 1219 2545 quoniam
1248 2500 1289 2534 K
1313 2499 1480 2545 quoniam
1513 2498 1653 2532 OVAL

126 2559 204 2594 edd.
230 2572 296 2594 see.
331 2559 434 2604 Vuly.
533 2561 609 2604 ipse
636 2560 670 2593 A
747 2560 788 2594 13
816 2560 983 2604 quoniam
1010 2552 1124 2593 KVL
1150 2559 1227 2593 edd.
1255 2569 1319 2593 ..s-ec.
1355 2558 1458 2602 anq.
1487 2568 1590 2602 quam
1624 2556 1654 2591 O

173 2619 340 2664 apparuit
369 2619 398 2654 O
424 2619 692 2664 apparuerimus
719 2618 770 2652 Ρ2
863 2619 906 2653 14
932 2619 1025 2658 sicut
1055 2619 1085 2652 O
1161 2619 1202 2652 16
1230 2619 1370 2652 eximet.
1399 2627 1504 2650 a.·m.
1532 2615 1655 2650 eximit

127 2676 169 2711 H
193 2678 315 2712 eximit
340 2678 375 2712 P
398 2678 478 2721 (mit
504 2678 658 2712 animam
685 2681 843 2712 nostram
872 2676 915 2712 ‹lc
943 2678 982 2710 ἰη
1009 2680 1097 2719 ras.)
1124 2675 1421 2710 KP¹MFAP²L
1450 2685 1504 2708 ae
1577 2675 1654 2708 ani-

128 2747 221 2770 mum
248 2740 409 2771 nostrum
436 2736 469 2770 L
568 2735 610 2770 de
637 2737 767 2780 morte]
789 2739 942 2770 ”morte
969 2747 1048 2771 cum
1074 2745 1147 2769 ras.
1174 2745 1283 2779 super
1309 2746 1326 2769 e
1355 2735 1406 2776 (in
1436 2744 1544 2778 marg).
1567 2744 1610 2767 m.
1634 2735 1652 2765 l

131 2794 216 2829 add.
244 2794 301 2832 de]
330 2795 360 2829 (J
