1924 3122
9 2314 15 2444 -..Ψ-...-
0 1834 15 2294 ,ῳῌ-ωᾳ--ψψ-ζῲ».-.

17 590 202 636 v185

156 950 202 992 ἰο

172 1325 203 1350 15

171 1681 205 1705 20

687 180 1037 224 epistularum
1077 181 1303 216 CXXXVIII.
1673 186 1753 226 147)

230 310 289 351 sic
322 311 504 352 ostendit
538 311 576 352 in
604 311 925 364 opulentissimo
953 314 994 353 et
1019 312 1230 365 praeclaro
1256 313 1431 366 imperio
1458 313 1755 362 Romanorum,

229 383 430 434 quantum
464 382 653 423 ualerent
685 382 832 423 ciuiles
859 382 985 423 etiam
1014 383 1102 423 sine
1128 397 1227 425 uera
1257 384 1459 438 religione
1486 384 1682 433 uirtutes,
1708 389 1758 426 ut

227 452 544 507 intellegeretur
574 453 649 494 hac
681 452 823 494 addita
855 452 941 494 fieri
974 454 1164 495 homines
1198 455 1314 496 ciues
1347 455 1521 497 alterius
1554 456 1757 507 ciuitatis,

229 522 348 563 cuius
387 536 454 564 rex
492 523 663 566 ueritas.
704 524 824 565 cuius
864 525 928 564 lex
971 524 1134 567 caritas,
1169 525 1289 566 cuius
1327 526 1479 567 modus
1517 527 1755 570 aeternitas.

289 592 393 644 Quis
433 597 573 636 autem
613 595 681 636 uel
726 595 814 636 risu
860 594 1032 649 (lignum
1079 598 1212 649 putet,
1254 596 1364 648 quod
1402 597 1671 650 Apollonium
1716 601 1759 641 et

227 665 453 718 Apuleium
488 669 731 719 ceterosque
763 666 1022 720 magicarum
1061 667 1215 707 artium
1254 667 1533 720 peritissimos
1573 669 1758 710 conferre

230 736 395 777 Christo
430 736 498 778 uel
530 737 656 778 etiam
688 737 895 790 praeferre
934 739 1163 778 conantur?
1206 750 1459 791 quamquam
1495 740 1757 781 tolerabilius

228 807 443 848 ferendum
484 808 552 857 sit,
592 807 756 861 quando
795 808 902 849 istos
942 809 978 849 ei
1016 808 1159 861 potius
1205 812 1448 862 comparant
1489 822 1612 862 quam
1658 811 1758 852 deos

230 891 348 920 suos:
382 879 515 920 multo
549 879 658 920 enim
690 879 851 921 melior.
886 879 997 933 quod
1030 879 1246 920 fatendum
1286 885 1363 929 est,
1396 880 1646 933 Apollonius
1678 882 1760 922 fuit

229 962 353 1002 quam
385 952 450 992 tot
481 953 722 1004 stuprorum
756 954 903 992 auctor
935 954 977 991 et
1001 953 1275 1003 perpetrator,
1302 963 1425 1004 quem
1454 951 1596 992 Iouem
1629 952 1759 993 nomi-

230 1024 339 1062 nant.
385 1021 479 1071 ista,
518 1021 726 1075 inquiunt,
765 1021 959 1063 fabulosa
1003 1024 1113 1063 sunt.
1159 1022 1295 1063 adhuc
1341 1035 1439 1076 ergo
1484 1022 1657 1063 laudent
1699 1023 1759 1064 rei

228 1092 422 1146 publicae
442 1093 713 1141 luxuriosam,
728 1092 989 1134 licentiosam
1012 1093 1219 1147 planeque
1234 1093 1482 1148 sacrilegam
1499 1093 1759 1142 felicitatem,

231 1175 334 1217 quae
368 1164 449 1205 ista
481 1164 653 1205 deorum
686 1165 836 1217 probra
868 1164 1079 1208 confinxit.
1107 1178 1213 1218 quae
1246 1177 1325 1206 non
1359 1159 1498 1206 solum
1530 1165 1571 1205 in
1605 1165 1759 1206 fabulis

229 1235 434 1277 audienda
466 1236 622 1289 posuit,
650 1248 798 1277 uerum
827 1236 952 1277 etiam
987 1235 1027 1276 in
1061 1236 1237 1277 theatris
1272 1236 1499 1289 spectanda
1525 1236 1758 1290 proposuit,

229 1306 300 1347 ubi
338 1306 513 1347 crimina
558 1309 699 1348 essent
741 1307 862 1359 plura
907 1319 1032 1360 quam
1077 1307 1261 1354 numina,
1302 1319 1407 1359 quae
1452 1307 1534 1360 ipsi
1579 1306 1635 1347 dii
1681 1306 1759 1348 sibi

229 1377 412 1418 exhiberi
454 1377 664 1419 habebant
712 1378 904 1425 libenter,
951 1378 1022 1431 qui
1071 1378 1111 1418 in
1164 1391 1263 1419 suos
1315 1378 1499 1419 cultores
1550 1377 1761 1419 uindicare

230 1448 478 1491 debuerunt.
512 1449 624 1502 quod
663 1462 711 1490 ea
749 1449 942 1490 uiderent·
981 1450 1131 1491 saltem
1171 1449 1388 1503 patienter.
1429 1448 1502 1490 sed
1540 1461 1619 1490 non
1662 1451 1761 1490 sunt

229 1519 324 1572 ipsi,
356 1519 565 1572 inquiunt,
594 1519 663 1571 qui
696 1519 845 1560 talium
877 1519 1114 1560 fabularum
1142 1519 1356 1560 mendacio
1384 1518 1656 1560 celebrantur.
1688 1518 1760 1572 qui

232 1603 329 1646 ergo
357 1594 456 1632 sunt
481 1591 567 1633 isti.
596 1591 667 1643 qui
692 1591 840 1631 talium
868 1590 1181 1643 turpitudinum
1209 1590 1488 1631 celebratione
1514 1590 1760 1644 placantur?

232 1663 381 1703 horum
414 1662 666 1703 daemonum
697 1661 1016 1715 peruersitatem
1052 1663 1175 1712 atque
1208 1661 1432 1710 fallaciam,
1465 1673 1539 1715 per
1576 1673 1680 1713 quos
1720 1663 1762 1701 et

233 1733 421 1787 magicae
448 1736 557 1774 artes
584 1733 787 1774 humanas
811 1735 972 1773 mentes
1000 1732 1229 1786 decipiunt.
1252 1731 1349 1784 quia
1370 1732 1555 1786 prodidit
1575 1731 1762 1772 doctrina

283 1897 296 1929 1
327 1895 389 1940 sic]
418 1895 447 1928 si
474 1896 507 1928 A
630 1897 650 1928 3
678 1895 910 1938 intellegetur
936 1894 976 1928 H
1091 1894 1157 1929 hac
1183 1898 1217 1937 (a
1242 1906 1286 1928 m.
1313 1897 1335 1928 3
1362 1895 1400 1928 in
1428 1905 1520 1936 ras.;
1537 1895 1659 1937 fuisse
1683 1893 1759 1927 uid.

234 1958 288 1996 ae)
311 1955 346 1988 P
370 1955 456 1988 haec
477 1954 639 1989 EHRM
662 1957 719 1997 (m.
742 1954 864 1997 211ac)
885 1954 955 1987 AC
1027 1953 1166 1998 addita]
1194 1953 1318 1988 addita
1338 1953 1514 1998 religione
1536 1954 1568 1987 A
1618 1954 1641 1987 4
1661 1954 1760 1986 cuius

232 2014 287 2048 lex
314 2014 442 2048 caritas
470 2024 536 2047 om.
563 2013 648 2048 RM
672 2016 729 2055 (m.
758 2016 776 2046 1
803 2012 822 2047 ,⁹
847 2026 874 2047 s.
905 2025 937 2047 ιι.
966 2013 1067 2053 aad.)
1142 2024 1252 2057 super
1276 2012 1403 2047 modus
1430 2024 1476 2048 m.
1502 2014 1528 2046 2
1554 2011 1699 2046 uiuendi
1726 2012 1760 2044 A

233 2073 368 2111 modos,
394 2085 438 2107 m.
467 2076 485 2106 1
510 2084 600 2107 corr.
626 2072 753 2106 modus
780 2072 824 2106 M
946 2074 966 2105 5
994 2083 1082 2116 quas
1108 2073 1143 2106 A
1258 2072 1366 2105 risum
1395 2072 1429 2106 R
1456 2072 1540 2109 risu,
1568 2083 1611 2104 m.
1639 2073 1663 2104 2
1688 2082 1759 2104 non

234 2133 305 2167 risu
331 2132 412 2166 MC
530 2133 648 2177 putet]
674 2143 743 2165 non
772 2134 875 2176 putet
901 2131 980 2166 edd.
1079 2133 1099 2164 6
1126 2133 1334 2169 marmarum,
1361 2142 1405 2164 m.
1432 2133 1458 2165 2
1483 2130 1702 2172 magicarum
1730 2129 1765 2162 Ρ

283 2191 583 2236 1·....p‹:rissi1110s
604 2191 662 2224 (m.
683 2194 702 2224 1
722 2201 812 2224 corr.
841 2191 1090 2234 peritissimos)
1112 2190 1147 2224 P
1196 2191 1214 2223 7
1238 2189 1552 2234 quamquam—sit
1572 2199 1652 2230 om„
1671 2200 1714 2222 m.
1738 2191 1762 2221 ,2¹

234 2252 273 2285 in
299 2261 411 2294 mary.
440 2250 526 2285 add.
554 2249 595 2283 H
713 2249 913 2283 tolerabilis
939 2248 978 2282 D
1079 2250 1100 2282 8
1129 2260 1232 2293 quam
1261 2251 1458 2293 conparant
1484 2248 1522 2282 D
1619 2250 1640 2281 9
1667 2247 1761 2288 meli,

235 2321 278 2344 m.
307 2313 331 2343 2
356 2310 482 2344 melior
508 2309 546 2343 H
573 2308 700 2342 melius
730 2308 801 2343 ER
907 2313 924 2342 ί·
953 2309 988 2341 in
1019 2319 1092 2343 ras.
1120 2320 1163 2342 m.
1192 2311 1209 2341 1
1235 2309 1281 2342 M
1403 2308 1441 2341 ll
1473 2307 1637 2341 sabulosa
1663 2306 1761 2348 sunt}

235 2369 376 2403 fabula*
398 2372 427 2411 (s
455 2380 546 2402 eras.
574 2372 605 2403 et
631 2379 746 2412 supra
772 2379 815 2401 m.
845 2372 869 2401 :3
895 2370 926 2405 ὗ)
954 2368 988 2401 Ρ
1129 2367 1290 2410 laudant,
1318 2379 1361 2400 m.
1391 2370 1407 2400 1
1433 2377 1522 2401 corr.
1551 2365 1700 2400 laudvnt
1729 2364 1763 2397 lz'

239 2430 280 2463 12
311 2428 535 2463 licentiosam
569 2439 647 2470 om.‚
681 2439 724 2461 m.
758 2430 783 2460 2
814 2428 854 2460 in
884 2438 997 2470 qnam.
1034 2426 1119 2461 add.
1154 2426 1197 2460 H
1300 2427 1342 2460 13
1381 2426 1511 2470 probra.
1550 2424 1695 2457 deorum
1730 2424 1763 2456 l’

284 2488 427 2522 confixit
452 2487 490 2522 D
554 2487 596 2520 15
623 2486 724 2531 plura
751 2489 872 2520 essent
897 2486 974 2519 edd.
1056 2486 1201 2520 nomina
1226 2485 1379 2520 ERMA
1409 2497 1429 2517 α
1446 2496 1463 2516 e
1527 2484 1569 2517 16
1596 2482 1760 2516 exhibvre

237 2547 308 2582 ER
405 2546 597 2589 habe-bant,
623 2558 667 2580 m.
695 2548 720 2579 2
746 2546 920 2579 iubebant
949 2545 1013 2579 GP
1109 2545 1180 2589 qui,
1208 2556 1251 2578 m.
1280 2547 1305 2578 2
1331 2555 1396 2588 que
1425 2542 1466 2576 H
1567 2540 1760 2581 auditores,

238 2618 279 2642 m.
307 2610 325 2640 1
350 2617 441 2641 corr.
468 2606 623 2639 cultores
649 2605 697 2638 JI
745 2605 786 2639 17
815 2605 924 2649 quod}
951 2616 1021 2648 qua
1040 2604 1079 2638 E
1103 2615 1207 2648 quani
1231 2604 1264 2639 R
1338 2602 1459 2635 uidere
1487 2600 1559 2634 ER
1632 2599 1759 2633 saltem

238 2664 403 2698 uiderent
429 2663 506 2698 cdd.
582 2663 650 2707 ipsi
676 2663 843 2707 inquiunt
870 2669 954 2696 sunt
979 2662 1058 2696 edd.
1132 2663 1172 2696 15<
1201 2663 1284 2706 ipsi}
1313 2661 1380 2694 sibi
1413 2660 1452 2693 ll
1519 2660 1560 2692 1⁴.»
1588 2658 1692 2691 istum
1724 2656 1760 2689 II

238 2723 282 2757 20
309 2724 359 2767 et]
386 2724 418 2757 in
448 2723 485 2757 D
576 2723 616 2755 ‘31
648 2722 735 2756 artis
763 2722 845 2756 DII
869 2724 893 2763 (i
923 2723 961 2755 in
989 2733 1082 2763 1·‹13.;
1099 2722 1180 2764 suit
1207 2728 1239 2761 e)
1340 2731 1409 2764 qua
1436 2719 1468 2751 A
1569 2716 1761 2750 christiana

239 2782 400 2816 doctrina
426 2782 504 2815 edd.

276 2865 440 2890 xxxxun
459 2866 536 2895 Aug.
559 2868 628 2889 sect.
645 2864 672 2889 11
687 2870 754 2896 pars
769 2863 784 2888 3
1673 2845 1714 2878 10
