1952 3118
641 242 988 284 epistularum
1030 242 1237 277 CLXXXIV
1265 244 1304 277 A.
1650 248 1731 286 7:55

210 377 306 409 sunt
346 382 510 423 genera,
556 383 686 411 unum
732 383 889 419 eorum,
935 372 1005 424 qui
1051 373 1386 425 superstitiones.
1428 386 1530 426 quas
1569 376 1732 426 putant.

209 438 470 481 Christianae
519 440 711 496 religioni
760 444 1029 494 anteponunt.
1075 443 1251 484 alterum
1299 457 1455 493 eorum,
1501 444 1572 498 qui
1617 444 1731 486 nullo

206 510 420 564 religionis
448 512 615 553 nomine
643 512 834 553 obstricti
862 516 972 561 sunt,
1008 526 1084 567 ego
1111 514 1150 554 in
1180 514 1430 566 quibusdam
1457 515 1591 556 libris.
1626 529 1729 568 quos

206 581 270 622 ‘de
315 582 487 623 ciuitate
533 582 613 623 dei’
663 582 920 636 praenotaui.
965 596 1142 636 quorum
1187 584 1237 624 ad
1284 597 1358 625 uos
1405 585 1597 626 existimo
1647 585 1728 626 iam

164 668 179 691 f,
206 653 447 705 peruenisse
487 653 680 694 notitiam
720 657 761 694 et
805 666 984 706 quorum
1030 654 1164 695 adhuc
1210 655 1407 709 reliquos.
1455 656 1488 696 si
1535 656 1729 696 dominus

143 1025 175 1049 10

139 1381 170 1405 15

135 1738 168 1761 *20

133 2093 165 2117 25

206 724 402 771 uoluerit,
443 723 723 765 absoluendos
761 724 801 764 in
843 724 992 765 mediis
1032 725 1137 766 meis
1177 726 1525 778 occupationibus
1566 726 1729 775 molior,

204 794 406 835 aduersus
445 795 625 848 primum
665 795 843 836 istorum
886 808 1034 849 genus,
1080 795 1191 848 quod
1230 796 1447 850 apostolus
1486 798 1616 839 notat.
1657 797 1727 837 ubi

204 865 324 906 dicit:
373 865 505 917 Quae
550 866 814 907 immolant
860 870 1048 920 gentes,
1097 866 1373 908 daemoniis
1420 870 1466 908 et
1510 881 1599 908 non
1640 867 1726 909 deo

202 936 475 986 immolant,
520 938 589 978 uel
622 939 746 979 certe.
786 937 860 978 ubi
894 937 1013 977 dicit:
1050 937 1328 979 Coluerunt
1360 942 1407 978 et
1440 939 1727 979 seruierunt

202 1012 466 1049 creaturae
512 1008 684 1060 potius
731 1021 871 1061 quam
917 1008 1145 1057 creatori,
1197 1008 1340 1050 decem
1386 1009 1603 1050 uolumina
1648 1023 1724 1050 non

199 1091 327 1132 parua
371 1079 540 1130 confeci,
580 1092 757 1132 quorum
796 1079 935 1133 priora
974 1079 1156 1132 quinque
1202 1079 1298 1121 illos
1337 1080 1608 1134 redarguunt.
1655 1082 1725 1133 qui

199 1156 370 1204 propter
394 1150 706 1204 adipiscendam
732 1151 801 1191 uel
826 1150 1086 1191 retinendam
1119 1151 1395 1191 humanarum
1428 1163 1565 1192 rerum
1599 1151 1724 1193 istam

198 1227 404 1263 terrenam
433 1222 794 1275 temporalemque
821 1221 1067 1278 felicitat-em
1102 1235 1180 1262 non
1216 1222 1342 1263 unius
1377 1223 1530 1263 summi
1565 1225 1604 1263 et
1638 1223 1724 1263 ueri

198 1293 270 1334 sed
310 1293 540 1334 multorum
580 1292 751 1334 deorum
793 1294 955 1334 cultum
995 1293 1276 1334 necessarium
1317 1305 1409 1334 esse
1455 1293 1724 1335 contendunt.

198 1364 431 1417 post-eriora
458 1376 557 1405 uero
586 1364 667 1405 alia
694 1364 877 1418 quinque
905 1367 1048 1405 contra
1074 1364 1170 1404 illos
1199 1368 1309 1413 sunt,
1344 1364 1414 1416 qui
1443 1377 1486 1405 se
1519 1364 1723 1406 aduersus

197 1435 425 1477 salutarem
447 1435 677 1476 doctrinam
698 1435 906 1477 tumidius
934 1437 976 1476 et
995 1435 1180 1476 inflatius
1203 1436 1451 1476 extollentes
1474 1435 1524 1476 ad
1545 1435 1722 1477 beatitu-

197 1506 349 1548 dinem.
390 1519 496 1559 quae
530 1509 626 1560 post
660 1507 765 1548 hanc
797 1506 928 1547 uitam
964 1510 1168 1559 speratur.v
1209 1506 1334 1547 etiam
1368 1519 1441 1559 per
1473 1506 1719 1547 daemonum

196 1579 511 1630 multorumque
562 1578 735 1619 deorum
787 1577 949 1619 cultum
994 1577 1237 1619 existimant
1286 1577 1516 1631 peruenire.
1567 1577 1640 1618 ubi
1681 1580 1723 1618 et

196 1649 358 1690 nobiles
399 1662 542 1690 eorum
583 1649 826 1703 philosophi
864 1649 1000 1691 tribus
1038 1650 1079 1690 in
1119 1649 1185 1690 his
1224 1648 1408 1702 quinque
1447 1649 1519 1689 sed
1558 1648 1721 1689 ultimis

195 1720 313 1761 libris
341 1720 592 1762 refelluntur
617 1734 640 1761 a
665 1720 798 1762 nobis.
831 1721 958 1762 ceteri
991 1721 1040 1761 ab
1068 1720 1288 1761 undecimo
1318 1723 1420 1773 quot
1453 1733 1544 1761 esse
1576 1722 1721 1774 potue-

195 1793 288 1833 rint.
336 1805 514 1845 quorum
558 1792 640 1833 iam
680 1795 765 1833 tres
805 1791 983 1842 absolui,
1024 1794 1218 1844 quartum
1259 1792 1298 1831 in
1339 1791 1532 1832 manibus
1572 1790 1719 1839 habeo,

195 1877 255 1906 ea.
284 1876 388 1916 quae
416 1876 489 1904 nos
517 1862 567 1904 de
595 1863 768 1904 ciuitate
796 1862 861 1904 dei
886 1864 1079 1904 tenemus
1107 1864 1149 1903 et
1175 1862 1398 1905 credimus,
1434 1861 1719 1910 continebunt,

195 1948 241 1975 ne
287 1935 420 1975 aliena
463 1938 629 1975 tantum
672 1933 797 1975 modo
842 1934 1038 1981 refutare,
1083 1946 1163 1975 non
1210 1933 1336 1974 etiam
1383 1936 1524 1974 nostra
1562 1932 1602 1973 in
1641 1932 1718 1973 hoc

193 2019 314 2058 opere
360 2006 550 2047 adserere
595 2005 784 2046 uoluisse
829 2004 1060 2046 uideamur.
1103 2004 1183 2045 iste
1234 2006 1375 2045 autem
1427 2006 1524 2057 post
1574 2003 1716 2044 decem

193 2084 366 2129 quartus
388 2076 584 2130 idemque
604 2076 736 2118 totius
759 2076 895 2129 operis
917 2077 1091 2129 quartus
1112 2075 1301 2117 decimus
1322 2075 1439 2124 liber,
1470 2075 1503 2115 si
1526 2074 1717 2114 dominus

193 2147 389 2190 uoluerit.
430 2147 631 2188 enodatas
670 2147 843 2188 habebit
880 2159 1039 2196 omnes,
1079 2159 1183 2200 quas
1223 2145 1325 2187 mini
1364 2144 1643 2199 proposuistis
1677 2144 1715 2184 in

192 2223 331 2259 uestra
363 2218 558 2272 epistula,
593 2218 874 2271 quaestiones.

250 2289 376 2330 Porro
417 2301 512 2330 cum
558 2290 688 2331 altero
727 2288 960 2330 infidelium
1007 2301 1171 2342 genere,
1212 2288 1283 2340 qui
1323 2287 1390 2328 uel
1430 2287 1515 2327 uim
1557 2286 1713 2326 nullan]

191 2373 282 2401 esse
316 2360 502 2401 diuinam
537 2359 711 2401 credunt
749 2361 819 2401 uel
852 2359 903 2401 ad
936 2372 1026 2401 eam
1060 2372 1125 2401 res
1159 2359 1364 2400 humanas
1399 2357 1602 2411 pertinere
1637 2369 1713 2397 non

307 2522 326 2554 8
355 2520 370 2554 I
397 2522 476 2556 (jor.
507 2522 560 2561 10,
587 2522 633 2556 20
707 2522 727 2555 9
756 2521 854 2555 Rom.
884 2522 915 2559 1,
942 2521 986 2555 25

238 2606 252 2638 1
284 2615 370 2649 quas
398 2615 478 2642 om..
507 2616 549 2639 m.
578 2608 595 2637 1
621 2604 706 2638 add.
738 2604 769 2638 G
886 2605 906 2638 3
934 2614 1000 2648 ego
1029 2602 1172 2648 quidem
1201 2604 1234 2636 in
1263 2601 1421 2646 [quidem
1448 2613 1492 2635 m.
1523 2604 1539 2634 1
1565 2601 1648 2641 del.)
1680 2601 1711 2633 (ι’

187 2665 207 2696 4
236 2664 446 2707 praenotaui
472 2675 551 2706 ona,
577 2675 621 2698 m.
649 2667 667 2697 1
698 2663 782 2698 add.
813 2663 845 2698 G
943 2664 964 2697 8
992 2662 1175 2696 demomus
1205 2662 1236 2696 G
1335 2662 1356 2694 9
1384 2664 1473 2701 cete,
1501 2672 1544 2694 m.
1577 2663 1592 2692 1
1618 2670 1710 2694 corr.

187 2729 280 2755 certe
311 2722 343 2756 G
420 2724 458 2756 11
489 2722 692 2767 redargunt.
721 2734 764 2756 ηι.
791 2725 811 2756 1
837 2732 926 2756 corr.
956 2720 1174 2765 redarguunt
1204 2720 1234 2754 G
1332 2719 1372 2753 12
1400 2719 1596 2760 humarum,
1623 2729 1665 2750 m.
1695 2721 1711 2750 1

186 2792 276 2815 corr.
305 2781 537 2815 humanarum
568 2781 601 2816 G
667 2782 709 2815 15>
737 2781 900 2819 aduesus.
928 2791 972 2814 m.
999 2783 1017 2813 1
1043 2790 1135 2813 corr.
1163 2779 1334 2813 aduersus
1365 2778 1396 2812 G
1462 2778 1504 2811 19
1531 2777 1566 2810 in
1595 2776 1709 2810 tribus

186 2840 264 2874 edd.
341 2843 384 2874 :39
414 2841 563 2884 pertine,
589 2852 633 2875 m.
661 2843 679 2873 1
704 2851 794 2874 corr.
822 2839 1000 2884 pertinere
1030 2838 1062 2873 G
