1844 3122
46 1504 98 1545 10

101 1023 133 1047 10

103 1379 135 1404 15

103 1737 137 1762 20

101 2091 137 2118 25

650 239 1004 284 epistularum
1044 240 1201 276 CXXVI.
1636 246 1688 285 15

158 369 295 411 cinam
321 369 361 410 in
390 371 587 423 quantam
612 369 716 411 libet
741 382 900 411 moram
929 370 1129 423 temporis
1152 369 1406 412 differamus.
1435 371 1538 413 deus
1566 372 1687 413 testis

160 443 225 481 est
256 440 380 481 istam
415 453 578 481 omnem
613 453 750 481 rerum
784 441 1168 483 ecclesiasticarum
1207 442 1557 495 procurationem,
1593 456 1690 496 qua-

159 525 249 552 rum
296 510 506 552 credimur
549 524 687 552 amare
733 511 1007 562 dominatum.
1046 514 1216 566 propter
1260 514 1524 562 seruitutem.
1565 527 1688 566 quain

160 583 289 624 debeo
324 583 489 624 caritati
523 583 696 624 fratrum
732 586 772 624 et
804 583 946 625 timori
980 583 1061 633 dei,
1093 584 1270 626 tolerare
1304 598 1384 633 me,
1418 598 1497 626 non
1537 598 1689 626 amare.

159 655 218 696 ita
250 656 297 696 ut
330 666 390 696 ea.
419 654 453 695 si
487 655 605 695 saluo
640 654 777 696 officio
812 654 985 708 possim,
1014 667 1154 696 carere
1188 655 1434 697 desiderem.
1470 668 1543 697 nec
1577 656 1687 697 aliud

159 739 224 767 me
258 725 307 767 de
340 726 465 767 fratre
498 738 590 767 meo
622 725 775 779 Alypio
810 726 964 767 sentire
996 726 1086 779 ipse
1126 726 1229 767 deus
1267 727 1391 768 testis
1431 730 1508 768 est.
1553 730 1690 767 tamen

160 800 202 838 et
229 797 278 838 de
304 797 376 838 illo
404 797 526 838 aliter
552 796 768 838 sentiendo
796 796 979 850 populus
1008 800 1061 846 et.
1090 797 1199 850 quod
1227 800 1290 847 est
1317 798 1503 851 grauius.
1532 798 1691 852 Hippo-

160 868 317 909 niensis
350 868 391 908 in
424 869 562 908 tantas
596 869 661 909 est
692 867 807 908 illius
848 867 1150 921 praecipitatus
1189 867 1362 909 iniurias
1403 871 1443 909 et
1483 867 1532 909 de
1571 867 1691 908 nobis

159 952 236 981 uos
271 939 402 980 sancti
431 938 496 980 dei
530 941 571 980 et
596 938 708 993 pleni
742 938 979 980 uisceribus
1013 938 1324 980 misericordiae
1351 939 1452 980 talia
1486 938 1690 980 credendo

159 1011 325 1052 nomine
359 1009 548 1052 eiusdem
582 1009 741 1064 populi.
775 1009 846 1063 qui
880 1009 931 1051 ad
963 1022 1132 1051 causam
1168 1009 1346 1051 huiusce
1379 1010 1492 1051 modi
1532 1009 1693 1063 cupidi-

159 1082 259 1122 tatis
293 1081 460 1123 omnino
495 1094 574 1122 non
608 1081 803 1134 pertinet.
838 1094 913 1123 nos
946 1084 1117 1135 tangere
1152 1083 1278 1134 atque
1312 1081 1534 1123 admonere
1574 1081 1692 1122 uolu-

160 1152 255 1194 istis
289 1152 434 1206 utique
468 1152 519 1194 ad
551 1165 627 1194 nos
661 1153 945 1207 corrigendos,
979 1165 1112 1206 neque
1147 1153 1254 1194 enim
1289 1152 1399 1194 odio.
1433 1152 1544 1206 quod
1583 1152 1693 1193 absit

161 1237 184 1265 a
216 1223 352 1265 uobis.
386 1223 493 1264 unde
533 1236 612 1265 non
652 1223 775 1265 irasci
815 1223 888 1265 sed
928 1223 1084 1278 gratias
1124 1236 1246 1278 agere
1286 1223 1432 1273 debeo,
1467 1222 1578 1276 quod
1618 1235 1693 1264 nec

159 1294 439 1336 uerecundius
466 1307 540 1336 nec
565 1294 741 1335 liberius
770 1307 891 1348 agere
918 1294 1132 1348 potuistis,
1160 1297 1208 1336 ut
1234 1294 1431 1348 episcopo
1457 1307 1536 1335 non
1571 1294 1690 1347 quasi

161 1365 400 1408 conuiciose
439 1366 674 1415 obiceretis.
714 1366 826 1420 quod
865 1366 1124 1408 sentiebatis.
1165 1365 1237 1407 sed
1277 1379 1322 1407 ex
1363 1366 1532 1419 obliquo
1571 1366 1692 1407 intel-

158 1437 381 1492 legendum
413 1437 720 1491 relinqueretis.

219 1508 307 1550 Nec
341 1508 567 1550 molestum
603 1508 657 1549 sit
691 1508 827 1557 uobis.¹
856 1512 903 1549 ut
929 1521 1005 1549 uos
1039 1508 1158 1549 uelut
1185 1511 1382 1562 granatos
1416 1507 1688 1556 arbitremini.

162 1579 260 1632 quia
290 1579 511 1620 iurandum
544 1579 707 1632 putaui.
741 1592 876 1633 neque
905 1579 1015 1621 enim
1043 1579 1245 1634 grauabat
1272 1578 1491 1633 apostolus
1520 1580 1593 1619 aut
1619 1591 1689 1620 eos

160 1663 307 1704 parum
340 1651 557 1705 diligebat,
590 1651 744 1704 quibus
778 1651 958 1692 dicebat:
991 1650 1101 1692 Non
1141 1651 1191 1691 in
1231 1662 1472 1692 sermone
1512 1649 1688 1691 adula-

162 1722 332 1764 tionis
371 1722 572 1764 fuimus
612 1722 747 1776 apud
786 1735 882 1764 uos
921 1735 1089 1776 neque
1128 1722 1178 1763 in
1218 1722 1506 1764 occasione
1551 1722 1691 1775 cupi-

163 1793 381 1837 ditatis:
423 1793 552 1836 deus
591 1793 756 1835 testis
798 1795 892 1835 est.
934 1793 990 1834 rei
1025 1793 1179 1847 quippe
1212 1795 1378 1846 apertae
1411 1792 1526 1846 ipsos
1559 1795 1689 1834 testes

161 1864 368 1914 adhibuit,
400 1865 457 1906 rei
503 1868 642 1906 autem
690 1864 880 1906 occultae
926 1877 1049 1918 quem
1094 1864 1175 1906 nisi
1220 1864 1373 1905 deum?
1419 1863 1454 1904 si
1488 1876 1586 1917 ergo
1618 1863 1689 1903 ille

162 1936 310 1977 merito
344 1938 409 1977 est
439 1935 616 1986 ueritus,
651 1949 700 1976 ne
732 1936 915 1977 humana
953 1936 1189 1990 ignorantia
1228 1935 1278 1977 de
1310 1935 1382 1976 illo
1417 1934 1575 1988 aliquid
1607 1934 1689 1975 tale

162 2006 348 2057 sentiret,
377 2007 497 2048 cuius
524 2006 642 2048 labor
660 2007 700 2048 in
723 2012 917 2061 promptu
941 2006 1137 2048 omnibus
1158 2010 1259 2056 erat,
1282 2006 1391 2060 quod
1418 2006 1498 2047 nisi
1525 2018 1689 2047 summa

161 2077 413 2120 necessitate
447 2091 469 2119 a
502 2078 685 2131 populis,
724 2078 877 2131 quibus
917 2077 1074 2120 Christi
1113 2077 1291 2132 gratiam
1330 2077 1614 2131 dispensabat,
1647 2077 1687 2116 iu

160 2162 264 2191 usus
299 2161 396 2190 suos
429 2149 590 2203 aliquid
621 2162 703 2191 non
736 2149 944 2198 sumebat.
978 2151 1115 2190 cetera
1147 2162 1245 2190 uero
1280 2161 1355 2190 suo
1390 2148 1524 2190 uictui
1550 2159 1689 2189 neces-

161 2219 269 2261 saria
295 2220 384 2262 suis
410 2220 605 2262 manibus
631 2220 904 2275 transigebat,
926 2222 1081 2273 quanto
1108 2219 1243 2274 magis
1270 2219 1390 2261 nobis
1416 2218 1688 2260 laborandum

163 2292 240 2339 est.¹
275 2292 321 2331 ut
366 2290 572 2339 credatur,
606 2290 678 2344 qui
723 2292 765 2332 et
808 2290 959 2332 merito
1005 2289 1242 2331 sanctitatis
1282 2292 1323 2331 et
1360 2289 1519 2331 uirtute
1563 2288 1689 2330 animi

283 2417 324 2452 19
352 2417 367 2451 1
393 2417 516 2452 Thess.
544 2417 576 2455 2,
603 2419 623 2451 5

212 2488 226 2522 1
257 2487 482 2532 quantalibet
507 2498 606 2521 mora
638 2486 670 2522 U
760 2487 781 2522 2
809 2486 1132 2533 ecclesiasticarum
1161 2487 1199 2521 in
1225 2498 1298 2521 ras.
1325 2497 1370 2521 m.
1398 2489 1417 2520 1
1442 2486 1478 2521 R
1576 2486 1597 2519 3
1623 2485 1686 2519 ba-

162 2546 245 2581 bere
272 2546 315 2580 H
413 2548 433 2582 5
462 2557 618 2591 possum.
645 2557 690 2582 m.
718 2549 737 2580 1
762 2556 853 2581 corr.
880 2546 1014 2591 possim
1046 2546 1080 2579 Π
1104 2547 1248 2591 passim,
1274 2546 1359 2580 stilo
1386 2549 1571 2580 cer-assato
1597 2555 1687 2579 corr.

163 2605 296 2650 possim
328 2604 360 2638 T
465 2606 486 2640 6
512 2616 567 2639 me
594 2616 661 2639 om.
694 2604 803 2640 TVU
917 2606 941 2656 ’7Ι
965 2604 1208 2650 Hipponensis
1235 2604 1314 2639 edd.
1428 2605 1469 2638 15
1497 2603 1626 2637 uitiose
1659 2602 1691 2636 l‘

166 2666 207 2700 16
232 2664 470 2710 reliqueretis‚
496 2666 580 2699 stilo
606 2668 790 2699 cerussam
816 2675 908 2699 corr.
941 2664 1166 2709 reliqueretis
1198 2664 1230 2698 T
1376 2664 1415 2698 17
1451 2664 1530 2707 uos]
1563 2674 1626 2696 nos
1658 2662 1691 2696 ζ’

163 2724 209 2758 20
242 2723 337 2768 apud
371 2723 447 2768 uos]
481 2724 575 2768 apud
608 2735 671 2758 uos
704 2724 798 2758 sicut
830 2724 932 2758 scitis
964 2723 1043 2759 edd.
1077 2734 1143 2758 sec.
1170 2734 1266 2757 sacr.
1295 2723 1363 2757 litt.
1528 2732 1592 2755 nec
1619 2720 1691 2755 edd

163 2783 209 2817 24
235 2782 399 2817 omnibus
426 2782 461 2816 in
494 2785 660 2828 promptu
687 2782 765 2817 edd.
913 2774 984 2817 oib'
1018 2787 1094 2817 erat
1127 2782 1167 2816 in
1200 2793 1272 2818 ras.
1306 2794 1349 2815 m.
1384 2784 1401 2815 1
1433 2781 1521 2824 (fuit
1553 2783 1621 2822 est)
1654 2780 1689 2814 R

163 2841 208 2876 25
235 2841 387 2886 gratiam
416 2841 539 2875 christi
571 2841 603 2875 T
627 2841 705 2876 edd.
