1952 3118
201 1119 254 1159 80

283 208 367 248 228
758 207 791 241 S.
832 206 1017 240 Aureli
1055 206 1344 250 Augustini

283 338 583 392 gloriabantur,
614 338 734 391 quasi
766 352 846 380 non
882 337 1131 391 acceperint,
1161 337 1233 378 sed
1261 350 1334 390 per
1360 349 1403 378 se
1431 337 1545 391 ipsos
1578 340 1814 390 habuerint,

284 423 367 462 quo
406 411 632 462 placerent,
673 409 785 450 sicut
823 410 959 460 stulti,
1000 409 1071 462 qui
1111 412 1152 449 et
1191 408 1272 449 sibi
1311 409 1477 462 placent
1515 413 1733 464 tamquam
1767 411 1815 451 de

282 481 390 522 bono
431 493 452 520 a
491 493 535 521 se
575 480 655 521 sibi
692 482 836 533 parato
879 483 920 521 et
958 480 1007 520 ab
1052 479 1321 521 adulantibus
1367 481 1435 521 uel
1481 482 1714 522 errantibus
1758 482 1817 522 ita

284 551 522 601 laudantur,
558 564 604 592 ac
641 551 676 592 si
709 552 791 605 ipsi
826 552 910 593 sint
943 551 1114 604 aliquid.
1157 551 1238 604 qui
1274 553 1415 591 autem
1448 554 1592 604 putat
1625 565 1674 593 se
1708 565 1816 594 esse

285 623 494 676 aliquid,
542 636 649 664 cum
694 622 821 664 nihil
866 624 946 665 sit.
988 623 1099 664 sicut
1144 623 1243 663 dicit
1289 624 1521 675 apostolus,
1562 636 1609 665 se
1655 624 1817 677 ipsum
1862 636 1876 659 5

287 694 495 736 seducit.
532 707 655 747 opus
685 696 847 735 autem
876 707 1019 735 suum
1046 694 1224 746 probet
1251 694 1601 747 unusquisque
1630 697 1677 736 et
1702 698 1818 736 tunc

284 766 331 805 in
373 778 422 806 se
461 765 572 819 ipso
613 767 806 806 tantum
847 765 1056 818 gloriam
1097 764 1304 805 habebit
1345 767 1391 805 et
1429 778 1520 807 non
1561 766 1607 806 in
1648 766 1817 807 altero.

287 837 365 877 hoc
399 838 463 877 est
494 838 660 889 portare
695 838 834 877 oleum
868 848 1023 885 secum,
1057 848 1135 876 non
1172 848 1218 876 ex
1253 835 1386 876 aliena
1418 836 1542 877 laude
1576 837 1820 889 dependere.

288 908 359 949 sed
394 920 519 960 quam
548 907 724 960 gloriam
750 908 791 948 in
822 920 864 948 se
892 906 1064 947 habebit
1091 906 1171 947 nisi
1206 919 1315 956 eum,
1345 907 1411 948 cui
1440 907 1614 948 dicitur:
1650 907 1821 949 Gloria

288 992 392 1019 mea
432 980 479 1019 et
519 979 743 1019 exaltans
786 982 934 1031 caput
972 991 1149 1019 meum.
1185 979 1244 1019 ut.
1286 978 1398 1030 quod
1437 991 1559 1031 saepe
1600 978 1821 1020 dicendum
1847 992 1879 1016 10

289 1052 366 1099 est,
402 1049 480 1101 qui
517 1049 781 1103 gloriatur,
814 1049 859 1090 in
898 1049 1092 1090 domino
1128 1050 1406 1103 glorietur?

349 1121 526 1162 Proinde
568 1121 785 1173 sapientia,
827 1134 932 1174 quae
971 1121 1011 1161 in
1059 1121 1319 1174 sapientibus
1363 1121 1600 1174 uirginibus
1645 1121 1820 1171 habitat,

291 1192 520 1233 secundum
554 1192 674 1242 illud,
710 1192 822 1244 quod
855 1194 948 1233 ante
981 1192 1199 1244 praedixit,
1235 1205 1329 1233 cum
1371 1192 1428 1233 ait
1461 1193 1821 1245 contemptoribus

290 1267 330 1304 et
364 1276 508 1304 sanam
542 1263 774 1304 doctrinam
814 1264 1000 1316 accipere
1040 1263 1356 1304 recusantibus:
1396 1263 1456 1304 Et
1494 1277 1581 1319 ego
1622 1265 1821 1304 uestrae

289 1334 566 1388 perditioni
596 1334 938 1386 superridebo,
968 1333 1071 1375 dicit
1097 1333 1331 1387 uirginibus
1361 1334 1521 1375 stultis:
1549 1335 1624 1375 Ite
1652 1335 1821 1388 potius
1849 1346 1881 1372 15

291 1406 346 1447 ad
379 1405 655 1446 uendentes
691 1407 738 1445 et
771 1405 918 1445 emite
952 1405 1112 1455 uobis,
1140 1407 1358 1457 tamquam
1392 1405 1566 1446 diceret:
1601 1405 1683 1447 Ubi
1711 1409 1822 1455 sunt,

292 1477 361 1529 qui
394 1490 471 1518 uos
511 1476 714 1518 fallebant
751 1476 1088 1517 mendosissimis
1127 1476 1339 1526 laudibus,
1375 1477 1538 1529 quando
1573 1479 1615 1518 et
1647 1490 1669 1517 a
1701 1478 1822 1519 uobis

289 1548 560 1597 fallebamini,
596 1547 695 1600 quia
726 1547 767 1587 in
800 1547 922 1588 uobis
957 1560 1037 1588 non
1069 1547 1109 1588 in
1146 1547 1313 1588 domino
1354 1547 1672 1602 gloriabamini?
1714 1549 1824 1601 quod

292 1621 432 1660 autem
466 1619 590 1660 dicit:
625 1619 685 1659 Et
719 1619 830 1659 dum
859 1621 976 1659 eunt
1004 1631 1175 1669 emere,
1204 1619 1344 1659 uenit
1371 1632 1586 1672 sponsus
1616 1621 1674 1668 et,
1703 1632 1823 1672 quae

292 1693 495 1744 paratae
543 1692 696 1741 erant,
741 1691 1064 1731 intrauerunt
1116 1704 1223 1731 cum
1270 1704 1338 1743 eo,
1384 1692 1463 1732 hoc
1509 1692 1610 1732 mihi
1656 1691 1825 1732 uidetur
1850 1702 1883 1727 20

290 1762 637 1816 intellegendum,
686 1762 797 1815 quod
841 1762 997 1803 uitioso
1052 1762 1187 1803 cordis
1240 1762 1391 1803 affectu
1442 1762 1664 1803 inhiabunt
1712 1762 1826 1802 inani

295 1834 464 1888 gloriae,
507 1846 631 1886 quam
671 1846 803 1874 uanae
842 1833 996 1874 mentis
1044 1833 1223 1875 elatione
1270 1835 1453 1874 sectatae
1499 1836 1605 1874 sunt.
1652 1835 1692 1874 et
1735 1833 1825 1886 ipse

294 1905 506 1958 appetitus
540 1904 803 1958 significatus
838 1906 902 1945 est
928 1905 968 1944 in
1004 1917 1064 1954 eo,
1095 1904 1206 1956 quod
1241 1904 1400 1945 dictum
1436 1906 1517 1946 est:
1555 1905 1675 1945 Dum
1711 1906 1826 1945 eunt

295 1989 468 2017 emere.
527 1976 644 2017 uenit
701 1978 840 2016 autem
900 1988 1079 2029 sponsus
1132 1978 1172 2016 et
1227 1976 1477 2017 introierunt
1529 1989 1624 2017 cum
1678 1988 1723 2016 eo
1776 1974 1826 2015 ad

414 2126 435 2158 4
463 2124 540 2158 Gal.
569 2126 600 2166 6,
628 2125 720 2159 3ῌ4
807 2125 828 2158 9
855 2124 912 2160 Ps.
941 2126 972 2166 3,
1000 2126 1022 2158 4
1110 2125 1149 2158 11
1179 2125 1195 2158 1
1224 2124 1301 2159 Cor.
1333 2126 1362 2165 1,
1391 2126 1431 2159 :31
1519 2126 1559 2158 11
1588 2126 1694 2160 Prou.
1726 2126 1754 2166 1,
1782 2125 1826 2159 26

298 2184 339 2218 15
367 2184 495 2218 Matth.
524 2185 580 2225 25,
609 2185 629 2218 9
707 2185 749 2218 19
775 2184 907 2218 Matth.
936 2185 992 2225 25,
1023 2184 1065 2218 10

344 2268 363 2299 3
391 2268 492 2310 parto
520 2266 554 2299 L
580 2269 636 2309 (m.
659 2269 678 2299 1
704 2277 794 2300 corr.
821 2268 960 2310 parato)
987 2266 1054 2301 OR
1102 2267 1125 2300 4
1151 2266 1332 2307 laudatur,
1353 2278 1398 2300 m.
1418 2269 1437 2299 1
1458 2278 1547 2301 corr.
1576 2266 1770 2300 laudantur
1789 2266 1832 2301 N

346 2325 375 2358 si
400 2341 464 2357 *aas*
490 2326 629 2368 (fuitne
656 2326 724 2369 ipsi
752 2325 784 2361 ?>
814 2326 883 2370 ipsi
910 2326 949 2359 N
1046 2336 1083 2359 se
1109 2327 1213 2369 putat
1239 2325 1270 2358 T
1366 2328 1497 2370 putant
1522 2326 1555 2359 L
1631 2327 1650 2359 5
1679 2326 1725 2360 sit
1750 2327 1825 2359 ‘tcir-

295 2386 385 2429 μαῖα
409 2385 494 2419 stilo
521 2389 703 2418 cerussata
729 2396 836 2428 snper
862 2385 874 2418 i
899 2385 1073 2428 imposita
1090 2384 1124 2418 L
1199 2395 1235 2418 se
1256 2385 1385 2429 ipsum]
1412 2385 1489 2429 ipse
1511 2396 1547 2418 se
1567 2384 1610 2419 N
1630 2396 1695 2419 sec.
1724 2385 1826 2429 Vulgy.

299 2445 316 2477 7
347 2447 460 2478 semet
487 2444 564 2488 ipso
591 2444 705 2478 RNT
728 2455 793 2478 sce.
828 2444 931 2487 Vuly.
1008 2445 1027 2478 8
1056 2445 1171 2478 oleum
1200 2455 1301 2477 suum
1329 2455 1447 2478 secum
1478 2443 1549 2478 GT
1627 2444 1828 2489 dependere

299 2515 365 2537 om.
398 2503 429 2536 T
454 2503 657 2548 dependere
685 2503 743 2545 (de
771 2504 853 2545 del.)
881 2503 917 2538 R
943 2504 1098 2548 pendere
1130 2503 1163 2537 G
1213 2503 1232 2537 9
1261 2514 1338 2537 eam
1365 2504 1444 2539 edd.
1466 2508 1614 2547 praeter
1640 2515 1672 2536 m
1723 2503 1766 2537 10
1794 2506 1829 2536 et

299 2574 365 2596 om.
409 2562 442 2597 G
613 2563 654 2596 15
693 2562 907 2607 perditionis
952 2562 981 2595 O
1013 2562 1222 2607 pdicationi.
1262 2573 1307 2598 m.
1345 2567 1386 2596 ut
1423 2563 1498 2597 md.
1540 2565 1564 2596 :2
1601 2562 1756 2607 pditioni
1800 2562 1831 2594 T

348 2640 469 2673 stultis
497 2639 696 2683 uirginibus
724 2640 802 2673 edel.
893 2640 935 2673 18
964 2640 1061 2684 quia]
1091 2641 1147 2684 qd,
1174 2651 1218 2673 m.
1247 2642 1265 2673 1
1293 2651 1382 2674 corr.
1412 2617 1499 2684 (ΓΝ
1573 2640 1614 2673 19
1641 2640 1735 2673 irent
1765 2638 1832 2673 OT

300 2710 365 2733 sec.
399 2698 502 2743 Vuly.
604 2710 694 2743 quae
721 2709 800 2742 om,
827 2710 871 2732 m.
901 2703 918 2732 1
948 2711 974 2733 s.
1002 2711 1036 2733 u.
1065 2699 1149 2733 add.
1181 2699 1210 2733 Ο
1275 2699 1320 2733 20
1348 2710 1426 2733 cum
1454 2710 1494 2733 eo
1523 2699 1567 2733 ad
1591 2699 1736 2743 nuptias
1762 2698 1830 2732 hoc

305 2758 377 2791 GT
399 2769 464 2792 sec.
491 2769 585 2792 sacr.
614 2758 681 2793 litt.
757 2759 798 2792 21
828 2758 1019 2792 inhiabant
1049 2758 1115 2793 OT
1209 2759 1323 2803 inani]
1352 2758 1411 2792 uia
1442 2759 1474 2792 T
1545 2759 1589 2792 24
1617 2760 1735 2792 autem
1762 2757 1828 2792 del.

308 2817 339 2850 T
363 2828 428 2851 om.
460 2816 492 2850 G
519 2817 598 2851 edd.
625 2828 690 2851 sec.
725 2817 827 2862 Vuly.
928 2818 1154 2851 intrauerunt
1184 2816 1213 2852 Ο
