1952 3118
157 1012 189 1037 10

155 1367 188 1392 15

150 1722 184 1747 20

142 2432 175 2456 30

695 227 1046 272 epistularum
1088 225 1274 261 CLXXIX.
1658 227 1743 267 695

220 361 480 410 peccatum
514 369 643 398 mors
678 359 725 397 et
763 356 834 397 ita
874 356 919 397 in
960 368 1125 398 omnes
1165 355 1386 397 homines
1426 355 1742 408 pertransiit,

218 428 263 469 in
280 441 372 481 quo
398 428 927 480 omnespeccauerunt,
944 439 1016 479 per
1030 426 1184 468 Christi
1208 426 1382 480 gratiam
1399 426 1580 474 liberari,
1602 428 1743 467 utrum

219 498 344 539 etiam
372 511 444 552 pro
478 499 581 551 ipsis
615 499 757 539 fusum
791 497 934 539 credat
966 497 1211 552 sanguinem
1242 497 1397 539 Christi
1425 499 1595 551 propter
1621 497 1743 551 origi-

217 569 308 610 nale
334 572 569 622 peccatum,
599 569 668 622 qui
690 569 836 621 utique
856 569 896 609 in
918 568 1207 610 remissionem
1229 569 1350 609 fusus
1372 571 1436 609 est
1461 570 1743 620 peccatorum.

218 640 267 681 de
312 640 376 681 his
423 641 601 681 maxime
647 639 696 680 ab
742 639 814 680 illo
860 639 1060 680 uolumus
1104 651 1240 690 nosse,
1291 638 1390 691 quid
1436 638 1591 687 credat,
1643 637 1743 690 quid

217 712 370 761 teneat,
417 711 516 764 quid
563 715 675 752 certe
714 710 963 751 confiteatur
1007 712 1049 750 et
1088 710 1314 762 praedicet.
1360 709 1401 750 in
1446 709 1540 750 aliis
1587 711 1742 759 autem,

217 794 322 834 quae
354 782 417 823 illi
451 782 705 831 obiciuntur,
746 781 912 823 etiamsi
946 794 1079 822 errare
1113 781 1390 831 conuincitur,
1424 782 1576 830 tamen,
1612 780 1739 821 donec

216 854 460 908 corrigatur,
494 853 756 895 tolerabilius
790 853 1039 895 sustinetur.

275 924 377 965 Peto
412 924 536 965 etiam
571 924 689 966 nobis
723 924 1020 973 transmittere,
1061 923 1213 976 quibus
1246 923 1490 976 perhibetur
1522 935 1614 964 esse
1648 935 1742 976 pur-

215 997 352 1050 gatus,
394 995 681 1036 ecclesiastica
720 998 839 1049 gesta
884 995 1081 1048 digneris.
1130 994 1242 1047 quod
1287 1007 1334 1035 ex
1377 995 1607 1036 multorum
1658 993 1740 1046 epi-

214 1079 435 1119 scoporum
471 1066 675 1107 desiderio
709 1068 819 1120 peto,
848 1078 951 1120 quos
980 1078 1145 1107 mecum
1174 1065 1223 1106 de
1256 1066 1332 1107 hac
1366 1079 1408 1107 re
1441 1067 1550 1107 fama
1583 1067 1740 1107 incerta

213 1137 448 1190 perturbat;
490 1137 563 1178 sed
594 1137 688 1179 ideo
723 1138 840 1178 solus
873 1137 952 1178 hoc
986 1136 1149 1191 scripsi,
1184 1137 1281 1190 quia
1314 1137 1576 1179 occasionem
1610 1137 1741 1191 perla-

213 1207 316 1249 toris
367 1208 606 1249 festinantis
659 1221 681 1249 a
724 1208 859 1257 nobis,
913 1220 1036 1261 quem
1082 1207 1166 1249 cito
1211 1207 1261 1248 ad
1306 1221 1380 1250 nos
1426 1208 1569 1249 audiui
1615 1221 1739 1262 posse

212 1291 409 1320 remeare.
455 1279 787 1332 praetermittere
826 1279 955 1320 nolui.
1002 1291 1073 1333 pro
1121 1279 1274 1332 quibus
1314 1279 1446 1334 gestis
1490 1280 1573 1320 iam
1617 1280 1737 1321 nobis

212 1350 329 1391 misit
361 1363 439 1392 non
474 1350 643 1404 quidem
676 1351 806 1391 ullam
845 1352 1005 1404 partem
1039 1353 1256 1404 gestorum
1291 1350 1363 1391 sed
1397 1350 1603 1404 quandam
1638 1364 1660 1392 a
1693 1364 1737 1392 se

213 1421 492 1474 conscriptam
537 1421 658 1463 uelut
703 1421 985 1463 defensionem
1031 1434 1164 1469 suam,
1211 1435 1293 1475 qua
1337 1435 1380 1463 se
1419 1422 1521 1463 dixit
1560 1422 1735 1465 obiectis

211 1492 477 1545 respondisse
510 1491 743 1534 Gallorum.
776 1492 817 1533 in
851 1505 946 1545 qua,
979 1494 1026 1534 ut
1059 1493 1140 1534 alia
1172 1492 1378 1534 omittam.
1419 1506 1513 1534 cum
1547 1493 1599 1534 ad
1631 1494 1736 1536 illud

211 1564 494 1616 responderet.
523 1563 634 1616 quod
662 1564 697 1605 ei
726 1564 938 1605 obiectum
967 1566 1044 1614 est,
1073 1576 1168 1606 eum
1196 1564 1350 1606 dixisse
1377 1577 1500 1617 posse
1523 1564 1734 1606 hominem

211 1647 302 1676 esse
331 1635 418 1676 sine
445 1637 616 1688 peccato
646 1636 687 1675 et
714 1634 909 1676 mandata
936 1634 1002 1675 dei
1030 1634 1255 1683 custodire,
1291 1635 1325 1676 si
1358 1635 1475 1685 uelit,
1510 1635 1733 1685 ‘diximus',

209 1706 363 1759 inquit;
398 1706 516 1747 ‘hanc
543 1706 654 1746 enim
680 1705 742 1746 illi
771 1706 873 1747 deus
901 1706 1229 1760 possibilitatem
1258 1706 1389 1754 dedit:
1424 1718 1503 1748 non
1538 1707 1733 1750 diximus,

210 1777 403 1830 quoniam
445 1777 683 1818 inueniatur
722 1777 829 1830 quis,
870 1777 919 1818 ab
952 1777 1127 1818 infantia
1159 1790 1293 1830 usque
1327 1778 1377 1817 ad
1411 1780 1621 1819 senectam
1662 1779 1732 1830 qui

208 1861 434 1902 numquam
468 1848 718 1901 peccauerit,
747 1849 821 1890 sed
848 1849 1042 1902 quoniam
1071 1862 1093 1889 a
1118 1849 1304 1901 peccatis
1338 1861 1564 1891 conuersus
1592 1849 1732 1890 labore

205 1919 371 1974 proprio
406 1922 446 1960 et
479 1919 612 1973 gratia
645 1919 711 1961 dei
750 1919 921 1961 adiutus
954 1921 1097 1972 potest
1129 1920 1287 1972 absque
1325 1923 1497 1973 peccato
1532 1933 1623 1962 esse
1658 1934 1730 1962 nec

204 1992 372 2044 propter
404 1990 481 2030 1100
514 1990 553 2031 111
588 1993 805 2043 posterum
839 1991 918 2031 erit
949 1991 1309 2033 inconuertibilis'.

263 2062 307 2102 In
347 2062 423 2102 hac
467 2061 627 2116 Pelagii
665 2062 935 2115 responsione
975 2061 1106 2103 cernit
1144 2062 1378 2103 reuerentia
1416 2064 1489 2103 tua
1522 2062 1598 2104 hoc
1633 2076 1728 2104 eum

205 2132 334 2173 fuisse
363 2132 616 2182 confessum,
651 2132 830 2186 priorem
857 2132 1038 2174 hominis
1065 2133 1211 2181 uitam,
1241 2145 1346 2186 quae
1373 2135 1438 2174 est
1464 2133 1513 2174 ab
1541 2133 1728 2183 infantia,

204 2202 291 2244 sine
325 2205 494 2255 peccato
530 2216 607 2244 non
643 2215 750 2252 esse,
792 2203 865 2244 sed
900 2216 995 2244 eum
1029 2203 1079 2243 ad
1112 2203 1260 2253 uitam,
1295 2216 1400 2256 quae
1434 2204 1522 2245 sine
1556 2208 1728 2258 peccato

204 2274 270 2324 811,
308 2274 449 2315 labore
489 2275 656 2328 proprio
697 2278 737 2316 et
775 2274 918 2315 adiuto
958 2287 1031 2327 per
1063 2274 1239 2329 gratiam
1273 2274 1338 2316 dei
1372 2288 1495 2328 posse
1529 2277 1729 2317 conuerti.

203 2359 275 2386 cur
303 2359 400 2398 ergo
427 2346 467 2386 in
498 2345 576 2386 hoc
603 2345 724 2388 libro.
761 2346 827 2386 cui
854 2345 1064 2398 respondi,
1098 2345 1204 2386 Abel
1230 2346 1288 2387 ita
1322 2345 1388 2386 hic
1423 2346 1579 2387 uixisse
1613 2346 1726 2390 dicit.

204 2419 249 2456 ut
287 2416 389 2457 nihil
434 2416 599 2457 omnino
641 2416 907 2469 peccauerit?
953 2429 1047 2457 nam
1087 2416 1176 2457 eius
1216 2416 1266 2457 de
1308 2416 1384 2457 hac
1424 2430 1465 2457 re
1504 2417 1586 2457 ista
1631 2421 1729 2458 sunt

202 2487 344 2527 uerba:
385 2487 518 2535 ‘Hoc‚'
550 2487 699 2540 inquit,
734 2489 858 2528 ‘recte
892 2486 974 2528 dici
1008 2489 1148 2540 potest
1180 2486 1230 2528 de
1264 2487 1344 2536 his,
1378 2501 1555 2540 quorum
1590 2500 1725 2541 neque

202 2561 401 2598 honorum
443 2571 575 2610 neque
615 2558 820 2599 malorum
856 2558 1065 2611 scriptura
1098 2558 1153 2599 sit
1185 2570 1363 2600 memor:
1406 2558 1455 2599 de
1491 2558 1574 2599 illis
1608 2571 1724 2608 uero,

320 2684 340 2717 3
367 2684 495 2719 Matth.
523 2686 580 2721 26.
606 2686 649 2717 2³·

248 2767 267 2799 4
296 2766 330 2799 in
357 2766 565 2799 remissione
606 2765 672 2799 1'lf
696 2765 740 2799 Ir
864 2766 905 2799 19
938 2770 970 2799 et
1001 2766 1048 2799 ‘20
1079 2765 1148 2799 dixi
1196 2766 1262 2799 1'1·
1292 2767 1397 2810 (corr.
1431 2766 1528 2802 dixi'i
1564 2767 1602 2801 Is
1618 2779 1650 2804 r,-
1678 2768 1722 2811 cs.

199 2838 232 2868 ι’.
264 2827 351 2867 697,
384 2827 403 2857 4
479 2824 523 2858 29
551 2824 641 2858 Abel
669 2824 879 2865 emen‹l‹1m';
907 2824 962 2858 uel
990 2824 1092 2859 codd.
1120 2825 1200 2859 edd.
