1952 3118
80 995 115 1020 10

80 1349 110 1374 15

628 211 981 255 epistularum
1023 212 1175 248 CLXIV.
1578 214 1663 254 539

139 354 216 383 non
245 354 291 382 ex
317 341 469 382 carnali
503 340 843 393 concupiscentia
876 341 966 382 siue
999 342 1247 382 seminatam
1281 342 1370 383 siue
1405 343 1663 395 conceptam,

137 412 357 454 mortalem
385 425 482 453 sane
504 424 549 452 ac
570 424 643 464 per
669 414 826 453 aetates
855 412 1101 453 mutabilem
1123 415 1338 466 tamquam
1367 412 1477 454 carni
1503 412 1664 465 peccati

137 484 224 524 sine
256 485 429 537 peccato
463 482 732 523 simillimam.

196 555 256 595 Ac
286 567 361 606 per
392 553 484 603 hoc,
520 566 806 606 quaecumque
834 553 882 594 de
911 553 1047 594 anima
1080 554 1218 606 opinio
1252 566 1351 594 uera
1384 554 1452 603 sit,
1488 567 1664 607 quarum

137 625 293 666 nullam
326 626 482 665 temere
516 624 732 665 adfirmare
766 624 902 665 adhuc
936 624 1067 666 audeo
1094 624 1174 666 nisi
1202 627 1365 665 tantum
1398 625 1512 665 illam
1545 638 1664 678 repu-

138 695 261 746 diare,
289 708 371 748 qua
398 695 625 736 creduntur
651 695 812 736 animae
838 707 911 748 pro
939 695 1098 736 meritis
1119 695 1260 736 nescio
1282 708 1459 747 quorum
1481 695 1664 749 superio-

137 780 228 808 rum
273 768 444 807 actuum
491 779 664 807 suorum
710 766 902 819 singulae
944 765 984 806 in
1023 765 1190 819 singula
1234 778 1406 818 corpora
1450 768 1663 818 tamquam

137 838 178 879 in
211 849 396 878 carceres
435 837 562 887 trudi,
609 838 719 878 certe
759 836 896 877 anima
935 835 1092 878 Christi
1130 849 1209 877 non
1249 836 1387 877 solum
1431 836 1665 877 inmortalis

139 908 367 950 secundum
421 911 652 949 ceterarum
704 910 895 949 naturam
947 907 1021 949 sed
1072 907 1197 948 etiam
1249 908 1364 949 nullo
1415 906 1666 948 mortificata

139 981 308 1032 peccato
354 979 423 1020 uel
469 978 734 1020 damnatione
786 979 933 1033 punita
984 982 1062 1029 est,
1114 978 1266 1032 quibus
1318 978 1480 1020 duabus
1526 979 1664 1020 causis

135 1063 247 1092 mors
286 1050 448 1091 animae
486 1049 677 1104 intellegi
714 1052 868 1103 potest,
916 1052 957 1091 et
994 1049 1088 1091 ideo
1128 1063 1207 1092 non
1254 1050 1485 1092 secundum
1529 1050 1665 1102 ipsam

137 1121 218 1162 dici
257 1121 397 1175 potuit
436 1120 630 1163 Christus
671 1121 975 1162 uiuificatus
1022 1121 1218 1174 spiritu.
1263 1121 1304 1161 in
1345 1134 1392 1162 ea
1429 1134 1471 1162 re
1511 1121 1664 1175 quippe

136 1192 378 1234 uiuificatus
407 1195 483 1242 est,
510 1192 552 1233 in
573 1205 655 1245 qua
681 1192 819 1233 fuerat
843 1191 1138 1233 mortificatus
1166 1205 1263 1246 ergo
1287 1192 1336 1233 de
1358 1205 1477 1233 carne
1505 1192 1664 1233 dictum

137 1265 218 1307 est:
258 1263 349 1316 ipsa
382 1263 491 1304 enim
524 1263 677 1305 reuixit
709 1263 847 1304 anima
878 1263 1091 1305 redeunte.
1127 1263 1225 1316 quia
1255 1263 1349 1318 ipsa
1381 1265 1470 1304 erat
1500 1267 1665 1305 mortua

137 1335 272 1375 anima
304 1333 536 1375 recedente.
577 1334 919 1375 mortificatus
954 1347 1052 1388 ergo
1087 1347 1230 1375 carne
1270 1334 1409 1376 dictus
1450 1337 1527 1383 est,
1568 1335 1665 1388 quia

138 1405 368 1446 seeundum
410 1406 544 1447 solam
583 1418 748 1447 carnem
787 1408 980 1447 mortuus
1026 1408 1105 1453 est,
1150 1406 1454 1447 uiuificatus
1501 1408 1663 1448 autem

138 1477 334 1530 spiritu,
369 1477 466 1529 quia
504 1477 577 1518 illo
617 1477 767 1530 spiritu
803 1479 1010 1531 operante,
1045 1477 1086 1518 in
1126 1490 1221 1531 quo,
1256 1477 1307 1518 ad
1340 1490 1445 1531 quos
1478 1477 1663 1526 uolebat,

138 1547 333 1589 ueniebat
370 1551 412 1589 et
448 1548 728 1601 praedicabat,
769 1548 894 1589 etiam
939 1548 1031 1601 ipsa
1075 1561 1167 1589 caro
1213 1548 1428 1589 uiuificata
1473 1548 1664 1592 surrexit.

136 1619 176 1660 in
210 1633 291 1673 qua
321 1619 445 1661 modo
480 1619 531 1660 ad
563 1619 754 1660 homines
787 1620 913 1662 uenit.

195 1691 373 1732 Proinde
406 1691 533 1732 etiam
566 1690 686 1739 illud,
721 1691 832 1743 quod
865 1693 1013 1744 postea
1046 1691 1204 1732 dictum
1238 1693 1302 1732 est
1334 1691 1384 1732 de
1418 1691 1663 1732 incredulis:

138 1760 228 1813 Qui
274 1761 482 1803 reddent
526 1762 769 1803 rationem
819 1762 875 1811 ei,
928 1762 1010 1815 qui
1057 1765 1261 1815 paratus
1314 1764 1388 1804 est
1440 1761 1662 1803 iudicare

137 1832 281 1873 uiuos
322 1834 367 1873 et
407 1835 644 1882 mortuos,
685 1844 763 1873 non
799 1834 864 1873 est
902 1844 1176 1885 consequens,
1217 1835 1264 1874 ut
1298 1845 1367 1874 eos
1401 1832 1469 1873 hic
1501 1833 1662 1874 intelle-

253 2007 294 2040 21
325 2006 341 2040 1
367 2005 464 2040 Petr.
491 2007 524 2049 4,
552 2008 572 2041 5

186 2102 198 2134 1
230 2104 356 2146 coepta.
382 2102 417 2135 P
500 2101 520 2134 2
548 2101 644 2146 sane]
673 2104 792 2135 tamen
820 2100 862 2134 K
963 2101 1077 2134 caruis
1107 2101 1172 2135 CP
1195 2103 1224 2144 (s
1251 2103 1357 2143 eras.)
1443 2103 1465 2135 4
1493 2112 1661 2146 quacum—

137 2171 214 2204 que.
243 2172 285 2194 m.
313 2163 338 2195 2
365 2172 613 2205 quaecumque
640 2161 675 2194 P
754 2162 852 2205 uera]
878 2160 957 2194 uisa
983 2160 1021 2194 F
1080 2162 1099 2194 5
1127 2160 1275 2203 nullum,
1301 2171 1345 2194 m.
1374 2162 1399 2194 2
1425 2160 1557 2194 nullam
1578 2160 1662 2194 MG

137 2219 269 2253 nullum
296 2219 368 2254 FA
454 2220 583 2264 audeo]
613 2231 682 2253 non
710 2219 823 2253 audeo
850 2221 933 2262 (non
963 2218 1046 2261 del.)
1077 2219 1110 2253 G
1186 2220 1204 2253 7
1231 2222 1412 2263 tamquam
1441 2219 1476 2253 in
1504 2231 1661 2253 carceres

135 2279 231 2313 trudi
258 2291 339 2323 om.,
365 2291 400 2314 α.
429 2292 472 2315 m.
501 2280 692 2324 propagari
718 2290 832 2323 supra
859 2279 944 2313 add.
972 2278 1011 2312 F
1093 2279 1114 2313 8
1141 2289 1281 2313 carcere
1307 2279 1342 2312 P
1426 2280 1446 2313 9
1473 2282 1601 2312 natura
1627 2283 1661 2321 rai

136 2348 178 2372 ex
203 2349 288 2374 ras„
314 2339 428 2382 fuisse
454 2339 529 2373 uid.
558 2343 635 2381 arn)
662 2339 696 2372 A
813 2338 936 2381 etiam!
967 2349 1006 2371 eo
1034 2338 1104 2372 iam
1130 2337 1319 2372 MFACP
1344 2341 1448 2379 (corr.
1477 2338 1598 2379 etiarn)
1629 2337 1661 2371 G

137 2401 194 2438 (m.
223 2400 247 2431 2
273 2398 397 2441 etiam)
424 2409 466 2432 ea
490 2399 559 2432 iam
590 2409 613 2431 a
738 2398 779 2431 12
807 2397 897 2431 dicit
923 2400 952 2439 (t
979 2397 1061 2438 del.)
1088 2397 1207 2442 potuit
1239 2397 1373 2441 (potuit.
1401 2408 1443 2430 m.
1473 2400 1497 2429 2
1522 2397 1603 2432 del)
1634 2397 1663 2430 C

183 2457 312 2501 quippe
338 2468 374 2491 re
401 2457 443 2490 K
536 2468 572 2491 re
599 2468 665 2492 om.
693 2456 732 2490 F
755 2467 811 2492 lm.
839 2459 856 2489 1
884 2456 985 2499 add.)
1011 2456 1046 2490 P
1132 2457 1174 2490 14
1201 2456 1331 2490 reuixit
1357 2467 1447 2500 quae
1476 2457 1593 2489 anima
1622 2455 1662 2489 K

181 2514 521 2550 redeunte—anima
534 2527 602 2550 om.
615 2516 656 2550 K
704 2516 746 2549 15
762 2514 949 2549 recedente
965 2514 1180 2548 mortificata
1195 2518 1259 2550 est.
1275 2515 1512 2548 mortificatus
1528 2514 1663 2557 ergoK

183 2573 375 2608 ‹lictus-est
402 2574 440 2608 F
531 2576 572 2610 16
599 2575 774 2618 mortuus}
804 2574 1040 2608 mortificatus
1067 2573 1108 2607 K
1198 2574 1238 2607 17
1267 2573 1329 2607 illo
1357 2577 1540 2617 operante,
1570 2585 1613 2606 m.
1643 2577 1660 2607 1

136 2644 224 2668 corr.
252 2634 314 2668 illo
342 2639 406 2679 spu
435 2638 605 2680 operante
632 2635 680 2668 M
798 2645 886 2678 quos
913 2636 949 2677 (q
976 2634 1083 2667 eras)
1108 2633 1148 2667 F
1170 2632 1341 2677 quosdam
1374 2633 1404 2666 C
1515 2632 1660 2666 uolebat

136 2703 201 2727 om.
229 2693 330 2728 codd.
358 2694 412 2737 (in
439 2694 484 2728 M
508 2706 554 2727 m.
582 2697 606 2727 2
632 2693 733 2734 add.)
761 2694 848 2736 nef
980 2692 1022 2726 18
1048 2693 1159 2737 ipsius
1187 2692 1221 2725 P
1352 2692 1393 2724 231
1425 2691 1563 2724 ratione
1591 2692 1657 2724 mei

136 2752 291 2797 uiryulis
316 2764 405 2787 corr.
434 2754 479 2788 M
586 2753 689 2786 uiuos
717 2756 753 2786 et
779 2754 938 2786 mortuos
964 2750 1122 2785 iudicare
1149 2750 1228 2785 edd.
1325 2750 1370 2783 ‘22
1398 2754 1437 2783 ut
1464 2761 1543 2789 om..
1571 2762 1614 2783 m.
1644 2753 1660 2783 1

140 2810 223 2845 add.
251 2812 285 2846 P
