1924 3122
146 953 180 978 10

149 1310 182 1336 15

150 1664 183 1689 20

658 167 1010 213 epistularum
1050 167 1276 203 CXXXVIII.
1649 173 1727 214 131

201 309 300 351 pore
339 296 499 339 dictum
538 299 615 347 est,
649 309 730 350 quo
770 298 907 339 adhuc
945 298 1018 338 illa
1057 298 1337 340 offerebantur
1374 299 1591 350 sacrificia,
1626 313 1731 354 quae

203 368 281 410 hoc
307 371 495 422 tempore
522 381 601 410 non
630 370 880 411 offeruntur:
914 369 1026 410 Dixi
1055 369 1271 411 domino:
1305 370 1558 412 ‘Dominus
1593 384 1730 412 meus

206 452 253 481 es
287 442 354 486 tu,
388 441 619 492 quoniam
651 441 891 482 bonorum
919 453 1134 482 meorum
1164 454 1254 482 non
1284 446 1428 496 eges'.
1462 455 1536 484 nec
1563 442 1733 484 illorum

205 524 302 565 ergo
336 511 635 553 sacrificiorum
669 511 820 566 egebat
852 511 954 553 deus
994 524 1069 553 nec
1102 512 1353 565 cuiusquam
1389 516 1485 567 eget
1517 526 1733 566 umquam,

205 582 278 624 sed
321 595 457 623 rerum
509 582 713 624 diuinitus
765 583 1071 637 impertitarum
1123 583 1190 623 uel
1242 583 1450 624 inbuenda
1502 584 1734 625 uirtutibus

204 653 341 695 animo
380 653 449 695 uel
488 656 678 695 aeternae
717 654 844 695 saluti
883 653 1175 707 adipiscendae
1215 654 1418 707 quaedam
1460 655 1579 710 signa
1623 659 1734 706 sunt,

205 738 382 778 quorum
416 724 694 766 celebratione
727 727 853 778 atque
886 725 1099 766 functione
1132 738 1211 766 non
1246 725 1322 767 deo
1357 725 1427 766 sed
1461 727 1579 767 nobis
1614 726 1735 768 utilia

204 796 374 849 pietatis
402 799 644 838 exercentur
670 796 819 839 officia.

264 866 402 908 Nimis
429 869 569 908 autem
595 867 769 922 longum
797 869 862 909 est
888 867 1185 909 conuenienter
1211 867 1425 920 disputare
1453 867 1503 908 de
1531 868 1735 909 uarietate

206 937 433 992 signorum,
477 951 581 991 quae
633 950 726 979 cum
779 938 830 979 ad
881 950 945 979 res
998 938 1162 979 diuinas
1207 939 1429 992 pertinent,
1476 942 1736 981 sacramenta

206 1009 480 1063 appellantur.
496 1009 606 1051 sicut
621 1011 759 1050 autem
781 1022 859 1050 non
880 1009 973 1051 ideo
995 1009 1214 1051 mutabilis
1237 1009 1353 1061 deus,
1375 1009 1472 1063 quia
1487 1023 1606 1052 mane
1623 1010 1736 1051 aliud

207 1079 322 1121 aliud
353 1093 543 1132 uespere,
574 1080 681 1121 illud
714 1081 790 1122 hoc
826 1093 968 1122 mense
1001 1080 1108 1122 illud
1142 1080 1236 1131 alio,
1272 1094 1351 1122 non
1392 1081 1470 1122 hoc
1507 1081 1590 1122 isto
1631 1094 1735 1122 anno

208 1151 317 1204 quod
348 1151 436 1192 illo.
470 1151 529 1192 ita
560 1164 639 1193 non
674 1151 767 1193 ideo
805 1152 1024 1193 mutabilis
1065 1151 1181 1199 deus,
1216 1152 1314 1205 quia
1352 1152 1537 1193 uniuersi
1578 1153 1737 1193 saeculi

206 1222 342 1275 priore
374 1222 590 1263 uolumine
622 1222 736 1263 aliud
769 1223 884 1264 aliud
916 1223 1146 1276 posteriore
1187 1223 1265 1264 sibi
1304 1223 1432 1264 iussit
1470 1223 1621 1274 offerri,
1656 1236 1736 1276 quo

208 1293 504 1335 conuenienter
518 1294 846 1348 significationes
869 1294 918 1335 ad
942 1294 1170 1336 doctrinam
1187 1294 1402 1348 religionis
1419 1294 1737 1335 saluberrimam

207 1365 464 1419 pertinentes
507 1378 581 1418 per
625 1365 845 1407 mutabilia
890 1369 1081 1419 tempora
1127 1366 1215 1407 sine
1260 1365 1348 1406 ulla
1393 1365 1458 1405 sui
1505 1365 1737 1406 mutatione

209 1435 459 1489 disponeret.
486 1449 581 1476 nam
610 1438 657 1476 ut
682 1436 888 1478 nouerint.
916 1449 1020 1489 quos
1048 1436 1150 1476 haec
1177 1437 1362 1477 mouent,
1389 1435 1472 1476 iam
1500 1435 1577 1476 hoc
1604 1435 1738 1476 fuisse

208 1508 248 1548 in
287 1508 445 1549 ratione
485 1507 627 1548 diuina
665 1519 755 1557 nee,
790 1519 884 1547 cum
924 1507 1005 1547 ista
1043 1520 1151 1548 noua
1190 1506 1560 1552 constituerentur,
1596 1506 1738 1547 subito

209 1578 346 1631 priora
390 1578 659 1632 displicuisse
704 1578 824 1618 uelut
874 1578 1068 1619 mutabili
1118 1578 1355 1627 uoluntate,
1401 1578 1473 1619 sed
1523 1577 1604 1619 iam
1660 1578 1738 1618 hoc

210 1649 337 1690 fixum
364 1652 405 1691 et
431 1651 640 1691 statutum
667 1649 798 1690 fuisse
824 1649 864 1690 in
891 1649 983 1703 ipsa
1011 1649 1215 1703 sapientia
1242 1649 1321 1700 dei,
1344 1649 1411 1690 cui
1438 1649 1488 1690 de
1509 1649 1741 1691 maioribus

329 1800 350 1833 ‘2
377 1800 433 1834 Ps.
464 1801 517 1834 15.
545 1801 566 1833 2

261 1883 274 1915 l
305 1881 440 1917 dictum
469 1887 521 1916 est
547 1886 627 1926 post
654 1883 852 1916 offeruntur
877 1882 1010 1916 hahent
1038 1882 1117 1916 edd.
1235 1882 1317 1926 quo]
1347 1880 1441 1926 quod
1468 1881 1568 1915 DJP
1594 1884 1682 1918 (ras.
1710 1884 1743 1914 ct

211 1952 299 1975 corr.
326 1954 370 1975 m.
389 1943 556 1985 fortasse
581 1944 600 1975 1
626 1944 711 1986 quo)
739 1948 795 1987 qm
828 1942 857 1975 ('
935 1942 955 1974 2
983 1941 1137 1975 offerunt
1164 1941 1199 1975 R
1299 1941 1384 1974 deus
1411 1940 1633 1974 DHMICP
1659 1939 1740 1973 edd.

210 2011 275 2035 sec.
310 2001 411 2044 Vuly.
439 2000 626 2046 (S'epluay.
653 2002 801 2047 κ·’)ρ’.ος);
828 2001 872 2044 (f.
896 2013 933 2045 Ι).
965 2004 1045 2043 132,
1075 2003 1122 2034 10
1242 2002 1262 2034 4
1291 2000 1432 2044 cuiusq:
1462 1999 1534 2033 ER
1639 1999 1740 2032 hum-

211 2071 328 2104 quam,
364 2061 401 2094 in
435 2072 547 2106 mary.
583 2060 777 2105 aliquando
812 2061 838 2094 I
957 2063 976 2095 5
1010 2060 1194 2100 diuinitas,
1228 2071 1272 2094 m.
1307 2063 1326 2093 1
1357 2070 1448 2094 corr.
1490 2059 1664 2092 diuinitus
1697 2058 1741 2091 JI

258 2119 502 2163 impetitarum
530 2120 587 2154 uel
608 2119 776 2163 iubendo,
804 2132 847 2154 m.
871 2122 896 2154 2
922 2119 1184 2165 irnpertitaruiu
1208 2119 1266 2153 uel
1288 2118 1470 2152 inbuendo
1493 2118 1534 2152 H
1582 2119 1602 2151 6
1625 2118 1742 2152 anime

212 2178 251 2211 Ε
272 2178 411 2212 animae
439 2178 474 2213 R
500 2179 655 2213 animuin
684 2179 710 2212 I
803 2179 929 2212 salutis
960 2178 990 2212 C
1085 2182 1168 2212 sunt
1195 2190 1262 2212 om.
1289 2177 1327 2211 D
1440 2178 1457 2210 T
1486 2188 1555 2210 non
1585 2176 1650 2210 deo
1679 2175 1739 2209 sed

212 2237 330 2281 nobis}
362 2237 425 2272 sed
458 2250 525 2272 non
560 2238 662 2272 nobis
696 2237 774 2279 (leo,
810 2250 852 2272 m.
889 2240 914 2272 2
947 2238 1008 2272 sed
1041 2238 1144 2272 nobis
1178 2249 1248 2271 non
1285 2237 1350 2270 deo
1389 2237 1418 2270 C
1568 2236 1588 2269 8
1623 2235 1742 2268 officia

211 2298 419 2330 exercentur
444 2296 521 2330 edd.
662 2298 682 2330 9
710 2300 765 2330 est
791 2307 857 2330 om.
885 2297 923 2330 1)
1065 2297 1107 2331 10
1135 2297 1328 2341 pertinent,
1356 2307 1398 2331 m.
1428 2297 1453 2329 2
1479 2295 1685 2340 pertineant
1716 2294 1745 2326 (Γ

214 2355 252 2389 11
281 2354 384 2399 deus]
413 2355 516 2389 honio
543 2355 621 2391 edd.
642 2360 791 2400 praeter
817 2367 839 2389 α
986 2356 1139 2390 alterum
1166 2355 1264 2389 aliud
1291 2366 1371 2392 om..
1400 2366 1441 2390 m.
1473 2358 1497 2387 ,2
1524 2358 1609 2387 (mle
1635 2365 1738 2386 inune

213 2413 298 2448 add.
317 2414 352 2448 P
468 2415 508 2448 13
536 2414 622 2448 deus
648 2426 715 2449 om.
743 2414 883 2449 ΒΕΖΗ
998 2415 1040 2448 14
1066 2414 1351 2459 priore—offerri
1380 2425 1448 2448 om.
1476 2413 1547 2448 ER
1647 2411 1737 2445 alle-

211 2484 291 2507 rum
317 2473 413 2507 aliud
439 2485 505 2508 om.
534 2473 572 2507 1)
716 2475 777 2519 qui
805 2475 829 2507 I
854 2477 892 2508 ut
920 2474 957 2507 1)
1082 2475 1123 2508 15
1150 2474 1406 2508 conuenientes
1433 2473 1471 2506 D
1596 2471 1636 2504 16
1664 2471 1738 2503 sine

212 2531 299 2576 ulla]
338 2533 367 2566 si
406 2543 470 2566 nec
508 2532 570 2566 illa
608 2533 645 2567 1)
682 2533 826 2576 singula
866 2533 903 2566 Ε
1074 2533 1113 2566 17
1154 2531 1550 2576 disponiwrat—ratione
1591 2541 1658 2563 om.
1703 2528 1742 2562 Ι)

217 2591 257 2625 18
283 2593 362 2636 nec]
391 2603 433 2625 ue
460 2592 532 2626 ΑΙ)
555 2595 614 2635 (m.
642 2594 667 2625 2
692 2600 769 2634 nec)
846 2591 983 2636 subito}
1012 2591 1194 2636 superbito
1222 2591 1260 2625 D
1313 2592 1354 2624 19
1383 2590 1514 2634 priora}
1544 2588 1686 2632 propria
1708 2587 1742 2620 A

260 2651 438 2684 uoluntati
465 2651 643 2685 MIACP
666 2651 901 2696 uolumptatis
930 2651 967 2685 D
1046 2646 1131 2685 'hoc
1158 2651 1228 2684 iam
1256 2650 1401 2684 DMIP
1425 2649 1503 2683 edd.
1597 2648 1642 2681 20
1668 2651 1741 2680 sta-

214 2710 348 2753 tutum}
377 2712 553 2743 statutum
588 2713 663 2743 tum
699 2713 788 2749 (tum
815 2721 859 2743 m.
889 2713 906 2742 1
932 2709 1015 2746 del.)
1044 2709 1085 2743 II
1114 2711 1223 2750 statu,
1252 2720 1342 2743 corr.
1370 2716 1427 2747 (m.
1456 2711 1473 2741 1
1501 2706 1532 2744 3³)
1567 2709 1740 2740 statutum

215 2767 262 2801 M
355 2769 623 2813 sapientiauitia
653 2769 755 2809 <tiam
783 2775 890 2804 erasq»
919 2769 941 2801 I
1036 2769 1090 2802 cui
1118 2772 1180 2810 (ev
1211 2770 1316 2809 eras.)
1343 2767 1390 2800 J!

1651 2835 1693 2866 9*
