1924 3122
65 673 116 712 15

121 975 154 1000 10

124 1328 157 1354 15

643 188 995 234 epistularum
1034 189 1242 225 CXXXVII.
1626 195 1707 236 117

180 322 387 361 aeternam
422 319 552 360 uitam
586 331 714 371 super
745 318 908 360 caelum
946 319 1087 360 leuata
1124 319 1216 361 ideo
1256 333 1334 362 non
1376 321 1572 365 creditur.
1607 322 1707 375 quia

179 403 300 432 nemo
333 391 446 432 fecit.
481 393 523 432 et
561 390 765 444 competit
803 389 890 431 deo.
929 402 977 431 ac
1014 403 1088 444 per
1125 391 1217 442 hoc,
1249 392 1369 445 ‘quae
1409 392 1490 434 sibi
1529 393 1707 446 quisque

179 461 333 503 facilia‘
374 474 455 503 non
497 461 641 503 ‘factu'
686 460 760 502 sed
805 462 930 515 captu
975 463 1124 514 ‘putat,
1171 474 1305 515 aequo
1351 464 1489 504 animo
1541 463 1708 518 accipit,

179 545 305 586 supra
342 545 390 573 ea
427 532 560 574 ueluti
599 532 697 574 ficta
733 545 807 585 pro
846 531 965 573 falsis
1000 531 1143 575 ducit’.
1183 533 1267 574 noli
1308 534 1368 575 eis
1409 547 1502 575 esse
1542 534 1709 583 similis,

181 604 352 646 obsecro
385 606 437 644 te.

238 674 521 728 Disputantur
546 675 647 715 haec
673 674 802 716 latius
831 677 872 715 et
899 687 1041 716 omnes
1064 675 1360 728 quaestionum
1382 676 1711 717 necessariarum

180 746 297 787 sinus
335 746 585 800 perscrutati
625 745 893 799 discussique
931 745 1184 799 panduntur.
1226 746 1298 787 sed
1340 746 1574 788 intellectui
1606 746 1710 788 fides

180 817 340 858 aditum
367 817 513 870 aperit.
540 817 766 858 infidelitas
795 816 965 859 claudit.
994 830 1118 870 quem
1146 830 1224 859 non
1254 819 1424 859 moueat
1458 817 1509 858 ad
1542 818 1711 859 creden-

180 888 279 929 dum
305 890 449 930 tantus
477 889 526 930 ab
553 888 673 930 initio
699 888 791 942 ipse
818 901 954 930 rerum
983 888 1082 930 ordo
1110 891 1325 943 gestarum
1353 891 1395 930 et
1420 889 1511 942 ipsa
1544 888 1711 930 conexio

179 962 416 1012 temporum
461 959 697 1014 praeteritis
741 959 867 1001 fidem
918 959 967 1001 de
1018 960 1311 1013 praesentibus
1360 960 1531 1010 faciens,
1576 959 1714 1013 priora

180 1030 483 1084 posterioribus
535 1033 577 1072 et
624 1031 930 1072 recentioribus
977 1031 1149 1084 antiqua
1206 1030 1485 1072 confirmans?
1543 1029 1717 1084 eligitur

181 1113 290 1142 unus
323 1114 369 1142 ex
403 1103 526 1155 gente
560 1100 866 1143 Chaldaeorum
899 1101 1057 1155 pietate
1095 1100 1344 1143 fidelissima
1382 1100 1612 1155 praeditus,
1646 1100 1714 1141 cui

180 1172 387 1226 promissa
431 1172 572 1214 diuina
614 1174 714 1226 post
756 1175 915 1214 tantam
961 1172 1111 1214 seriem
1158 1173 1419 1214 saeculorum
1466 1171 1713 1214 nouissimis

180 1243 441 1296 temporibus
475 1243 725 1297 complenda
756 1244 998 1297 prodantur,
1027 1245 1152 1298 atque
1178 1244 1218 1285 in
1254 1244 1344 1285 eius
1377 1243 1535 1285 semine
1568 1254 1712 1284 omnes

182 1317 327 1369 gentes
354 1314 572 1356 habiturae
598 1314 931 1356 benedictionem
957 1315 1314 1369 praenuntiantur.
1343 1315 1403 1356 sic
1429 1327 1559 1356 unum
1588 1314 1712 1354 deum

182 1398 327 1427 uerum
366 1385 508 1427 colens
546 1385 836 1427 uniuersitatis
875 1388 1106 1427 creatorem
1144 1386 1283 1441 gignit
1319 1386 1454 1427 filium
1493 1398 1619 1427 senex
1663 1384 1712 1425 de

302 1525 322 1558 2
356 1525 440 1559 Sall.
473 1524 551 1559 Cat.
585 1525 617 1568 3,
650 1524 672 1557 2
796 1525 834 1559 11
866 1523 953 1559 Gen.
983 1525 1037 1567 12,
1072 1526 1180 1565 1-3;
1218 1525 1272 1565 18,
1302 1525 1344 1559 18
1470 1525 1511 1558 16
1539 1524 1628 1559 Gen.
1658 1523 1701 1558 18

185 1584 341 1624 10—14;
369 1584 425 1625 21,
454 1585 545 1618 1-2

233 1668 247 1701 1
279 1667 396 1701 caelos
423 1667 502 1701 edd.
611 1667 735 1701 leuata
760 1678 840 1701 cum
866 1678 937 1702 ras.
963 1678 991 1703 s.
1014 1670 1128 1711 postr.
1157 1668 1179 1701 l.
1206 1667 1254 1701 M
1276 1667 1435 1701 leuatam
1461 1665 1503 1700 K
1598 1665 1711 1700 credi-

183 1738 262 1761 mur
286 1726 328 1760 K
416 1728 436 1761 ‘2
464 1727 618 1772 cfnpetit
643 1728 678 1770 (n
706 1738 798 1763 eras.
815 1726 846 1762 ,9)
873 1727 922 1761 M
1016 1727 1071 1771 ac]
1097 1727 1165 1761 hac
1197 1727 1230 1761 Τ
1323 1738 1381 1772 pr*
1413 1728 1535 1770 (super
1558 1736 1601 1770 pr
1627 1724 1713 1759 add.

185 1787 217 1828 e)
242 1785 293 1819 W
362 1786 442 1821 siui.
469 1797 514 1820 m.
543 1788 568 1820 2
593 1786 661 1820 sibi
691 1786 723 1820 Τ
772 1787 792 1820 3
819 1786 929 1825 factu,
955 1797 1000 1820 m.
1028 1787 1054 1820 2
1079 1785 1175 1820 sacta
1206 1784 1270 1819 ΤΟ
1294 1785 1389 1820 facto
1415 1784 1466 1818 W
1537 1786 1641 1829 capto
1668 1784 1717 1817 W

232 1845 381 1889 accepit,
409 1857 452 1880 m.
480 1848 506 1879 2
532 1846 663 1891 accipit
693 1845 780 1879 CW
852 1846 875 1879 4
902 1856 1009 1891 super
1037 1845 1162 1880 CDW
1184 1848 1244 1889 (m.
1269 1847 1296 1879 2
1322 1845 1442 1890 supra)
1469 1843 1512 1878 K
1605 1843 1714 1877 uelud

186 1911 290 1948 (corr.
317 1905 432 1947 uelut)
458 1904 541 1939 ficta
567 1904 611 1939 H
634 1905 735 1939 uelut
761 1905 883 1939 inficta
909 1904 952 1938 K
1046 1905 1097 1939 eis
1124 1916 1190 1940 om.
1223 1903 1303 1938 ΤΡ1
1331 1904 1406 1938 eius
1436 1903 1502 1938 CR
1593 1903 1614 1936 6
1641 1903 1713 1937 dis-

184 1967 367 2008 putantur.
400 1976 444 1999 m.
479 1968 504 1999 2
535 1964 764 2010 disputentur
803 1965 836 1999 T
978 1965 1068 1999 omis
1106 1966 1140 1999 A
1287 1964 1536 2008 quaestionum
1575 1973 1641 1997 om.
1674 1962 1717 1996 H

186 2023 449 2068 quaesitionum
476 2025 506 2059 A
631 2024 923 2061 necessariarum.
950 2036 995 2060 m.
1023 2028 1047 2058 3
1071 2023 1354 2058 necessariarum
1382 2034 1498 2057 rerum
1525 2022 1568 2056 H
1592 2033 1713 2055 neces-

185 2083 315 2117 sarium
342 2082 437 2116 Du*
460 2086 518 2125 (m.
546 2085 571 2117 2
594 2083 890 2122 necessariarum)
918 2084 953 2117 A
978 2083 1200 2117 necessarios
1228 2082 1271 2116 K
1317 2083 1335 2116 7
1363 2083 1596 2126 perscrutate,
1624 2092 1667 2114 m.
1691 2083 1715 2114 2

184 2142 398 2187 perscrutati
430 2142 481 2175 W
502 2143 744 2187 praescrutati
770 2142 809 2177 D
882 2142 1121 2189 discussi*que
1149 2142 1238 2186 (suit
1264 2145 1295 2181 s)
1324 2141 1367 2175 H
1436 2142 1457 2174 8
1484 2139 1527 2174 ad
1543 2140 1653 2178 ,itum
1688 2139 1717 2173 T

186 2200 339 2235 anditum
379 2201 427 2235 11⁷
569 2213 639 2236 non
673 2202 737 2242 big,
773 2203 930 2237 alterum
962 2213 1053 2236 eras.
1087 2202 1122 2236 P
1268 2200 1548 2244 ad—gestarum
1580 2209 1647 2234 om.
1680 2199 1717 2232 ll

185 2261 206 2294 9
234 2265 413 2305 gestarum
442 2262 527 2295 ordo
554 2261 632 2296 edd.
755 2264 938 2306 gestorum
966 2261 1008 2295 K
1128 2262 1167 2296 11
1197 2260 1414 2306 posteribus.
1441 2271 1485 2293 m.
1513 2261 1538 2292 2
1562 2258 1714 2303 posteri-

185 2319 304 2354 oribus
335 2320 365 2354 C
459 2324 495 2354 et
520 2331 587 2355 om.
616 2321 654 2355 D
750 2321 1011 2356 reeensioribus
1037 2318 1086 2354 P¹
1183 2330 1275 2353 unus
1302 2319 1450 2363 eligitur
1476 2317 1525 2352 W
1596 2318 1638 2351 12
1661 2318 1714 2360 ex]

187 2378 230 2412 de
255 2379 298 2413 H
371 2380 412 2413 13
440 2379 564 2413 seriem
592 2391 660 2414 om.
687 2379 730 2414 K
805 2371 1046 2414 ‘saeculorum
1073 2379 1202 2414 seriem
1228 2378 1308 2413 edd.
1379 2379 1422 2412 14
1448 2376 1659 2422 complendo
1686 2376 1717 2409 Τ

187 2437 304 2481 corda,
335 2450 378 2472 m.
414 2442 437 2472 3
463 2441 541 2473 orta
567 2439 610 2472 H
751 2439 959 2484 prodantur,
991 2449 1035 2472 m.
1069 2441 1095 2472 2
1126 2437 1327 2483 produntur
1361 2437 1394 2471 Τ
1423 2436 1622 2481 probantur
1651 2434 1715 2468 CR

185 2496 385 2541 traduntur,
416 2497 480 2532 sed
503 2498 630 2542 prima
663 2498 685 2533 l.
716 2500 761 2541 (t)
785 2510 830 2532 m.
858 2501 876 2532 1
902 2509 945 2532 ex
970 2509 992 2542 p
1023 2498 1130 2541 facta
1163 2500 1229 2531 aut
1255 2499 1385 2530 contra
1410 2494 1453 2528 K
1593 2504 1715 2526 omnes

187 2566 253 2590 om.
279 2556 315 2590 P
382 2557 424 2590 15
451 2556 680 2592 habitaturae
708 2560 761 2594 (ta
786 2569 831 2593 m.
859 2560 885 2591 2
909 2560 1003 2601 exp.)
1030 2555 1081 2590 W
1102 2547 1264 2590 habitare
1289 2555 1353 2589 CB
1379 2558 1485 2595 (corr.
1512 2552 1659 2593 habere)
1679 2551 1715 2585 R

186 2613 371 2649 habituras
404 2614 483 2649 ΤΡι
567 2614 822 2650 benedictione
854 2615 887 2649 Τ
962 2615 1239 2660 praenuntiatur
1272 2614 1304 2648 T
1326 2612 1606 2658 pronuntiantur
1625 2610 1714 2644 ΙΙΙ)ι

187 2673 224 2717 (n
244 2677 331 2717 post
357 2685 376 2707 a
402 2678 494 2718 exp.)
640 2675 690 2708 sic
722 2675 842 2720 unum]
876 2674 1071 2709 secundum
1099 2674 1138 2709 D
1171 2675 1200 2708 is
1228 2685 1336 2708 unum
1365 2672 1430 2706 CR
1462 2671 1520 2705 hic
1546 2681 1653 2704 unum
1683 2680 1712 2702 m

236 2742 357 2766 uerum
385 2731 488 2766 deum
521 2731 601 2767 TP¹
628 2732 731 2767 deum
759 2733 904 2768 uerbum
933 2733 971 2767 D
997 2733 1101 2767 deum
1129 2736 1211 2776 (om.
1239 2736 1376 2769 uerum)
1409 2730 1458 2764 W
1549 2729 1591 2763 16
1618 2738 1714 2762 crea-

190 2791 267 2836 tore
295 2795 416 2835 (snper
442 2803 461 2822 o
489 2791 576 2826 add.
602 2803 636 2832 u,
661 2792 725 2827 sed
749 2803 859 2834 eras.;
888 2823 895 2836 A
922 2803 966 2826 m.
996 2794 1033 2835 2)
1065 2792 1094 2826 C
