1952 3118
77 980 110 1006 10

77 1335 106 1359 15

71 1689 105 1716 80

628 196 981 240 epistularum
1021 194 1176 232 CLXIV.
1584 198 1670 239 529

140 326 304 379 legatur
338 324 530 367 Christus
571 324 956 378 ‘primogenitus
991 337 1013 366 a
1045 325 1286 375 mortuis'‚
1327 326 1362 366 si
1396 337 1490 367 eum
1524 324 1566 366 in
1598 325 1670 366 illa

139 395 442 437 resurrectione
467 397 533 437 tot
558 397 888 449 praecesserunt.
917 395 1029 448 quod
1049 395 1085 436 si
1105 396 1383 449 respondetur
1401 397 1479 438 hoc
1508 396 1669 438 dictum

138 480 230 510 esse
274 480 346 520 per
390 466 744 519 anticipationem,
796 469 842 507 ut-
886 470 1160 509 monumenta
1204 467 1373 520 quidem
1419 468 1491 510 illo
1535 470 1669 509 terrae

137 539 255 579 motu
293 540 435 590 aperta
477 537 792 592 intellegantur,
839 550 935 579 cum
977 537 1170 580 Christus
1210 538 1248 579 in
1289 551 1411 581 cruce
1455 538 1668 592 penderet,

137 608 411 650 resurrexisse
449 611 589 650 autem
627 608 838 650 iustorum
877 620 1051 662 corpora
1082 621 1161 650 non
1200 612 1316 658 tunc,
1356 609 1430 651 sed
1468 622 1564 651 cum
1596 609 1668 651 ille

138 679 250 733 prior
279 679 590 729 resurrexisset,
625 679 820 732 quamuis
852 682 965 728 tunc,
1006 682 1054 721 ut
1086 679 1183 730 dixi,
1218 679 1483 733 anticipando
1516 679 1669 721 fuisset

136 749 395 799 adiunctum,
441 752 488 791 ut
534 752 576 791 et
615 749 808 792 Christus
852 750 1220 804 primogenitus
1260 763 1283 791 a
1321 750 1533 791 mortuis
1580 749 1668 791 sine

135 820 413 874 ambiguitate
459 821 652 862 credatur
690 824 732 862 et
768 820 854 862 illis
898 821 1024 862 iustis
1070 821 1266 863 continuo
1312 833 1576 871 concessum,
1620 823 1669 862 ut

135 889 226 944 ipso
253 894 477 943 praeeunte
498 891 537 932 in
560 894 767 933 aeternam
798 891 1152 945 incorruptionem
1174 894 1300 945 atque
1320 891 1666 933 inmortalitatem

135 964 414 1016 resurgerent.
458 962 563 1004 illud
604 962 740 1004 adhuc
785 964 929 1011 restat,
976 962 1086 1016 quod
1131 965 1314 1011 moueat,
1361 975 1442 1016 quo
1488 962 1611 1004 modo
1646 975 1668 1003 a

134 1031 259 1074 Petro
306 1032 389 1074 dici
434 1033 620 1089 potuerit
663 1058 721 1063 —
765 1033 877 1087 quod
922 1033 1070 1087 utiquc
1115 1033 1336 1075 uerissime
1382 1033 1542 1074 dictum
1589 1036 1667 1083 est.

135 1103 299 1156 quando
327 1117 401 1158 per
427 1103 540 1145 illam
571 1104 833 1158 prophetiam
863 1116 942 1146 non
971 1104 1110 1145 Dauid
1138 1103 1210 1146 sed
1238 1103 1452 1145 Christum
1481 1104 1667 1146 adseruit

133 1174 265 1216 fuisse
298 1175 560 1228 praedictum
598 1200 656 1205 ——
695 1188 859 1217 carnem
900 1176 990 1217 eius
1030 1188 1110 1216 non
1145 1175 1304 1217 uidisse
1338 1176 1665 1229 corruptionem,

133 1245 244 1297 quod
283 1246 470 1287 adiunxit
510 1246 560 1288 de
600 1246 737 1288 Dauid
788 1246 896 1300 apud
943 1259 1014 1288 eos
1061 1259 1152 1288 esse
1201 1249 1519 1288 monumentum
1560 1247 1665 1289 eius.

134 1316 242 1359 unde
274 1317 370 1359 illos
404 1318 550 1371 utique
583 1331 664 1360 non
699 1317 988 1367 conuincebat,
1023 1319 1059 1359 si
1086 1330 1238 1371 corpus
1266 1318 1356 1359 eius
1384 1318 1441 1359 ibi
1468 1318 1551 1360 iam
1583 1332 1663 1361 non

134 1390 232 1438 erat,
273 1388 383 1441 quia,
425 1388 460 1429 si
500 1391 541 1429 et
573 1390 666 1429 ante
699 1388 740 1428 in
774 1388 933 1429 recenti
973 1401 1050 1429 sua
1086 1392 1220 1430 morte
1258 1389 1553 1431 resurrexisset
1590 1403 1665 1431 nec·

133 1473 224 1502 caro
271 1459 360 1500 eius
406 1459 587 1500 uidisset
631 1459 956 1513 corruptionem.
1009 1462 1153 1513 posset
1197 1459 1327 1501 nihilo
1374 1460 1513 1501 minus
1556 1461 1664 1502 illud

132 1534 448 1572 monumentum
490 1543 668 1572 manere.
716 1530 867 1571 durum
912 1532 1053 1572 autem
1092 1530 1274 1580 uidetur,
1321 1532 1369 1572 ut
1406 1531 1544 1572 Dauid
1583 1545 1661 1573 non

131 1602 256 1644 suerit
282 1603 322 1642 in
351 1602 423 1643 illa
458 1602 765 1643 resurrectione
797 1602 1022 1651 iustorum.
1057 1603 1091 1643 si
1120 1602 1179 1643 eis
1208 1603 1289 1643 iam
1318 1604 1484 1643 aeterna
1512 1602 1663 1644 donata

131 1677 208 1722 est,
249 1674 369 1715 cuius
410 1673 603 1715 Christus
644 1686 690 1714 ex
724 1674 882 1715 semine
921 1676 1006 1714 tam
1047 1673 1188 1715 crebro
1223 1677 1265 1714 et
1296 1675 1413 1714 tanta
1451 1673 1662 1715 euidentia

129 1747 327 1798 tantaque
355 1745 671 1787 honorificentia
698 1744 1026 1786 commendatur.
1059 1744 1365 1798 periclitabitur
1391 1745 1515 1785 etiam
1542 1745 1661 1786 illud.

131 1816 240 1869 quod
274 1816 323 1857 ad
356 1815 570 1857 Hebraeos
605 1815 654 1856 de
696 1815 820 1856 iustis
861 1815 1044 1868 antiquis
1084 1815 1251 1866 dicitur,
1292 1815 1389 1869 quia
1427 1828 1500 1868 pro
1541 1816 1662 1857 nobis

130 1887 300 1928 meliora
357 1887 643 1940 prouiderunt.
702 1900 757 1928 ne
818 1887 921 1928 sine
979 1887 1124 1929 nobis
1183 1886 1397 1940 perfecti
1453 1887 1660 1940 perfice—

249 2015 263 2048 1
294 2013 368 2048 Col.
401 2015 428 2052 1,
459 2015 518 2053 18ς
546 2014 654 2059 Apoc.
686 2015 714 2057 1,
741 2016 760 2049 5
851 2014 893 2047 10
921 2014 998 2048 Act.
1026 2014 1058 2053 2,
1087 2014 1148 2054 27;
1177 2014 1238 2054 29;
1270 2014 1324 2057 13,
1352 2014 1396 2048 35
1478 2013 1522 2047 22
1550 2014 1658 2049 Hebr.

134 2073 186 2115 11,
212 2073 258 2106 40

178 2144 194 2178 1
223 2144 258 2178 in
285 2144 384 2178 illam
412 2145 707 2178 resuirectionem
736 2144 891 2178 MFAP
1022 2146 1042 2178 5
1070 2145 1492 2178 autem—resurrexisset
1518 2154 1585 2177 om.
1613 2143 1657 2177 M

129 2202 148 2235 ‘a'
177 2203 210 2247 a]
240 2213 279 2236 ac
311 2203 343 2236 G
443 2204 518 2236 sinc
546 2202 619 2236 ulla
647 2202 887 2247 ambiguitate
916 2202 957 2236 K
1046 2203 1066 2236 9
1093 2203 1186 2247 ipso]
1217 2205 1253 2237 et
1279 2203 1356 2247 ipso
1385 2202 1427 2235 K
1450 2203 1537 2247 ipsc.
1565 2213 1607 2237 m.
1637 2208 1660 2235 ,2

130 2261 204 2305 ipso
235 2261 268 2296 G
390 2262 424 2295 in
454 2265 600 2295 aeterna
626 2262 894 2306 incorruptione
923 2269 1031 2306 atque
1059 2262 1320 2296 inmortalitate
1347 2261 1389 2295 K
1412 2262 1447 2295 in
1477 2267 1657 2295 aeternam

128 2319 393 2365 incorruptione
422 2320 542 2364 utiliq;
574 2320 608 2353 in
635 2320 898 2354 inmortalitate
925 2320 960 2354 1¹
1034 2320 1076 2354 10
1102 2320 1205 2364 illud]
1235 2321 1269 2354 in
1297 2331 1366 2365 quo
1395 2320 1430 2354 P
1499 2321 1658 2362 moueat]

126 2389 267 2413 mouere
295 2382 414 2424 potest
443 2379 482 2412 Κ
557 2380 597 2413 12
627 2379 769 2423 quando
786 2406 936 2414 .......
953 2378 1114 2413 adseruit
1140 2379 1249 2414 fuisse
1277 2379 1514 2424 praedictum]
1544 2390 1656 2423 quan-

130 2436 172 2470 do
198 2437 348 2482 probare
375 2438 522 2472 uolebat
538 2465 691 2473 .......
707 2438 817 2472 fuisse
845 2437 1067 2483 praedictum
1091 2438 1122 2472 G
1217 2449 1286 2472 non
1316 2437 1357 2471 dc
1385 2436 1503 2471 Dauid
1531 2436 1593 2470 sed
1615 2436 1658 2469 da:

127 2495 270 2531 Christo
297 2497 331 2531 P
356 2497 433 2531 edd.
533 2502 647 2531 assei-t
675 2499 707 2531 A
798 2497 838 2531 13
866 2501 971 2535 carih,
1000 2507 1089 2531 corr.
1118 2501 1198 2531 carii
1227 2498 1260 2530 A
1357 2498 1396 2530 14
1425 2495 1534 2540 quod]
1565 2494 1656 2539 quod

127 2557 165 2589 et
189 2555 224 2589 P
249 2566 271 2588 a
299 2559 334 2589 et
362 2554 457 2599 quod
485 2559 562 2590 cett.
591 2555 668 2590 edd.
787 2555 956 2599 adiungit
983 2554 1024 2588 K
1144 2556 1186 2590 15
1213 2555 1335 2599 itaque
1363 2555 1397 2588 P
1510 2554 1559 2587 ibi
1587 2554 1655 2587 iam

128 2614 209 2659 non]
237 2614 306 2648 iam
334 2626 403 2648 non
431 2617 515 2657 <non
543 2615 652 2658 eras.)
680 2614 729 2648 ibi
757 2625 826 2648 non
856 2613 896 2647 K
945 2615 987 2649 16
1014 2614 1099 2659 quia
1124 2615 1169 2659 si]
1197 2615 1298 2659 quasi
1330 2614 1360 2648 G
1415 2614 1456 2647 17
1486 2613 1598 2657 possit
1625 2612 1657 2646 G

175 2673 285 2707 nichil
312 2673 466 2707 hominis
494 2673 534 2707 K
653 2673 766 2715 illum,
792 2685 836 2707 m.
865 2675 890 2707 2
915 2673 1006 2707 illud
1035 2673 1068 2708 G
1193 2674 1234 2708 18
1262 2677 1381 2707 autem
1408 2672 1447 2705 in
1468 2671 1549 2716 fine
1568 2683 1655 2716 pay.

127 2741 193 2765 om.
222 2731 256 2765 P
379 2733 420 2766 19
450 2733 708 2766 resurreetione
735 2735 792 2775 (fv
821 2734 929 2774 eras.)
956 2732 990 2765 A
1088 2732 1273 2766 dominata
1305 2731 1336 2765 G
1453 2730 1499 2763 20
1527 2730 1581 2773 cx]
1610 2736 1656 2765 et.

130 2801 160 2823 m
199 2793 218 2824 1
243 2801 333 2825 corr.
363 2802 402 2824 ex
430 2791 468 2825 F
562 2792 678 2825 emine
709 2792 739 2824 (¹
822 2791 864 2825 21
896 2792 1167 2836 periclitabatur
1194 2793 1227 2825 A
1320 2792 1366 2824 23
1394 2789 1587 2835 punierunt
1613 2789 1659 2823 M

169 2873 336 2899 xxxxim
359 2875 435 2905 Aug.
457 2878 527 2899 sect.
552 2874 577 2898 ιι
599 2881 669 2905 pm
690 2876 714 2899 3.
1564 2861 1608 2893 :34
