<?xml version="1.0" encoding="UTF-8"?>
<!DOCTYPE html PUBLIC "-//W3C//DTD XHTML 1.0 Transitional//EN"
    "http://www.w3.org/TR/xhtml1/DTD/xhtml1-transitional.dtd">
<html xmlns="http://www.w3.org/1999/xhtml" xml:lang="en" lang="en">
 <head>
  <title>
</title>
<meta http-equiv="Content-Type" content="text/html;charset=utf-8" />
  <meta name='ocr-system' content='tesseract 3.04.00' />
  <meta name='ocr-capabilities' content='ocr_page ocr_carea ocr_par ocr_line ocrx_word'/>
</head>
<body>
  <div class='ocr_page' id='page_1' title='image "./corpusscriptorum44auguuoft_0277.png"; bbox 0 0 1952 3118; ppageno 0'>
   <div class='ocr_carea' id='block_1_1' title="bbox 50 317 75 357">
    <p class='ocr_par' dir='ltr' id='par_1_1' title="bbox 50 317 75 357">
     <span class='ocr_line' id='line_1_1' title="bbox 50 317 75 357; baseline 0 0"><span class='ocrx_word' id='word_1_1' title='bbox 50 317 75 357; x_wconf 91' lang='lat'><strong>3</strong></span> 
     </span>
    </p>
   </div>
   <div class='ocr_carea' id='block_1_2' title="bbox 0 556 55 3118">
    <p class='ocr_par' dir='ltr' id='par_1_2' title="bbox 0 556 55 3118">
     <span class='ocr_line' id='line_1_2' title="bbox 0 556 55 3118; baseline 0 0"><span class='ocrx_word' id='word_1_2' title='bbox 0 556 55 3118; x_wconf 95' lang='lat' dir='ltr'> </span> 
     </span>
    </p>
   </div>
   <div class='ocr_carea' id='block_1_3' title="bbox 80 981 112 1005">
    <p class='ocr_par' dir='ltr' id='par_1_3' title="bbox 80 981 112 1005">
     <span class='ocr_line' id='line_1_3' title="bbox 80 981 112 1005; baseline 0.031 -1"><span class='ocrx_word' id='word_1_3' title='bbox 80 981 112 1005; x_wconf 84' lang='lat'>10</span> 
     </span>
    </p>
   </div>
   <div class='ocr_carea' id='block_1_4' title="bbox 78 1335 111 1361">
    <p class='ocr_par' dir='ltr' id='par_1_4' title="bbox 78 1335 111 1361">
     <span class='ocr_line' id='line_1_4' title="bbox 78 1335 111 1361; baseline 0.03 -1"><span class='ocrx_word' id='word_1_4' title='bbox 78 1335 111 1361; x_wconf 79' lang='lat'>15</span> 
     </span>
    </p>
   </div>
   <div class='ocr_carea' id='block_1_5' title="bbox 78 1693 112 1718">
    <p class='ocr_par' dir='ltr' id='par_1_5' title="bbox 78 1693 112 1718">
     <span class='ocr_line' id='line_1_5' title="bbox 78 1693 112 1718; baseline 0.059 -2"><span class='ocrx_word' id='word_1_5' title='bbox 78 1693 112 1718; x_wconf 81' lang='lat'>20</span> 
     </span>
    </p>
   </div>
   <div class='ocr_carea' id='block_1_6' title="bbox 627 194 1665 239">
    <p class='ocr_par' dir='ltr' id='par_1_6' title="bbox 627 194 1665 239">
     <span class='ocr_line' id='line_1_6' title="bbox 627 194 1665 239; baseline 0.004 -11"><span class='ocrx_word' id='word_1_6' title='bbox 627 194 980 239; x_wconf 84' lang='lat' dir='ltr'>epistularum</span> <span class='ocrx_word' id='word_1_7' title='bbox 1022 194 1177 229; x_wconf 86' lang='lat' dir='ltr'>CXLIV.</span> <span class='ocrx_word' id='word_1_8' title='bbox 1582 197 1665 236; x_wconf 76' lang='grc'>265</span> 
     </span>
    </p>
   </div>
   <div class='ocr_carea' id='block_1_7' title="bbox 134 323 1669 1943">
    <p class='ocr_par' dir='ltr' id='par_1_7' title="bbox 134 323 1669 1943">
     <span class='ocr_line' id='line_1_7' title="bbox 197 323 1669 379; baseline -0.001 -14"><span class='ocrx_word' id='word_1_9' title='bbox 197 323 240 365; x_wconf 88' lang='lat' dir='ltr'>Si</span> <span class='ocrx_word' id='word_1_10' title='bbox 273 326 413 365; x_wconf 87' lang='lat' dir='ltr'>autem</span> <span class='ocrx_word' id='word_1_11' title='bbox 446 323 582 365; x_wconf 88' lang='lat' dir='ltr'>adhuc</span> <span class='ocrx_word' id='word_1_12' title='bbox 615 323 819 378; x_wconf 86' lang='lat' dir='ltr'>quosdam</span> <span class='ocrx_word' id='word_1_13' title='bbox 853 337 970 365; x_wconf 86' lang='lat' dir='ltr'>amor</span> <span class='ocrx_word' id='word_1_14' title='bbox 1001 324 1183 366; x_wconf 89' lang='lat' dir='ltr'>hominis</span> <span class='ocrx_word' id='word_1_15' title='bbox 1211 324 1376 366; x_wconf 77' lang='lat' dir='ltr'>occulte</span> <span class='ocrx_word' id='word_1_16' title='bbox 1404 326 1601 379; x_wconf 87' lang='lat' dir='ltr'>segregat</span> <span class='ocrx_word' id='word_1_17' title='bbox 1627 327 1669 364; x_wconf 92' lang='lat' dir='ltr'>et</span> 
     </span>
     <span class='ocr_line' id='line_1_8' title="bbox 136 394 1666 449; baseline 0.001 -14"><span class='ocrx_word' id='word_1_18' title='bbox 136 395 261 435; x_wconf 87' lang='lat' dir='ltr'>timor</span> <span class='ocrx_word' id='word_1_19' title='bbox 292 394 475 436; x_wconf 88' lang='lat' dir='ltr'>hominis</span> <span class='ocrx_word' id='word_1_20' title='bbox 508 394 713 437; x_wconf 82' lang='lat' dir='ltr'>fallaciter</span> <span class='ocrx_word' id='word_1_21' title='bbox 745 397 986 449; x_wconf 87' lang='lat' dir='ltr'>congregat.</span> <span class='ocrx_word' id='word_1_22' title='bbox 1021 395 1260 437; x_wconf 87' lang='lat' dir='ltr'>obseruent.</span> <span class='ocrx_word' id='word_1_23' title='bbox 1296 395 1366 448; x_wconf 89' lang='lat' dir='ltr'>qui</span> <span class='ocrx_word' id='word_1_24' title='bbox 1406 395 1511 436; x_wconf 87' lang='lat' dir='ltr'>tales</span> <span class='ocrx_word' id='word_1_25' title='bbox 1555 398 1666 437; x_wconf 89' lang='lat' dir='ltr'>sunt.</span> 
     </span>
     <span class='ocr_line' id='line_1_9' title="bbox 137 465 1666 518; baseline 0 -12"><span class='ocrx_word' id='word_1_26' title='bbox 137 466 331 518; x_wconf 87' lang='lat' dir='ltr'>quoniam</span> <span class='ocrx_word' id='word_1_27' title='bbox 365 465 504 516; x_wconf 85' lang='lat' dir='ltr'>deum,</span> <span class='ocrx_word' id='word_1_28' title='bbox 538 466 605 507; x_wconf 89' lang='lat' dir='ltr'>cui</span> <span class='ocrx_word' id='word_1_29' title='bbox 639 465 749 507; x_wconf 88' lang='lat' dir='ltr'>nuda</span> <span class='ocrx_word' id='word_1_30' title='bbox 781 469 846 507; x_wconf 88' lang='lat' dir='ltr'>est</span> <span class='ocrx_word' id='word_1_31' title='bbox 882 466 1065 507; x_wconf 87' lang='lat' dir='ltr'>humana</span> <span class='ocrx_word' id='word_1_32' title='bbox 1097 466 1367 515; x_wconf 81' lang='lat' dir='ltr'>conscientia,</span> <span class='ocrx_word' id='word_1_33' title='bbox 1402 479 1475 507; x_wconf 88' lang='lat' dir='ltr'>nec</span> <span class='ocrx_word' id='word_1_34' title='bbox 1514 469 1666 508; x_wconf 89' lang='lat' dir='ltr'>testem</span> 
     </span>
     <span class='ocr_line' id='line_1_10' title="bbox 135 537 1667 591; baseline 0 -13"><span class='ocrx_word' id='word_1_35' title='bbox 135 537 287 579; x_wconf 86' lang='lat' dir='ltr'>fallunt</span> <span class='ocrx_word' id='word_1_36' title='bbox 321 550 393 578; x_wconf 89' lang='lat' dir='ltr'>nec</span> <span class='ocrx_word' id='word_1_37' title='bbox 427 537 607 578; x_wconf 88' lang='lat' dir='ltr'>iudicem</span> <span class='ocrx_word' id='word_1_38' title='bbox 642 537 823 591; x_wconf 84' lang='lat' dir='ltr'>fugiunt.</span> <span class='ocrx_word' id='word_1_39' title='bbox 857 537 893 578; x_wconf 93' lang='lat' dir='ltr'>si</span> <span class='ocrx_word' id='word_1_40' title='bbox 920 537 1020 590; x_wconf 88' lang='lat' dir='ltr'>quid</span> <span class='ocrx_word' id='word_1_41' title='bbox 1053 540 1194 578; x_wconf 85' lang='lat' dir='ltr'>autem</span> <span class='ocrx_word' id='word_1_42' title='bbox 1220 537 1317 578; x_wconf 88' lang='lat' dir='ltr'>illos</span> <span class='ocrx_word' id='word_1_43' title='bbox 1346 537 1395 578; x_wconf 89' lang='lat' dir='ltr'>de</span> <span class='ocrx_word' id='word_1_44' title='bbox 1423 537 1667 591; x_wconf 80' lang='lat' dir='ltr'>quaestione</span> 
     </span>
     <span class='ocr_line' id='line_1_11' title="bbox 136 607 1667 662; baseline 0 -13"><span class='ocrx_word' id='word_1_45' title='bbox 136 608 271 661; x_wconf 88' lang='lat' dir='ltr'>ipsius</span> <span class='ocrx_word' id='word_1_46' title='bbox 316 609 492 650; x_wconf 88' lang='lat' dir='ltr'>unitatis</span> <span class='ocrx_word' id='word_1_47' title='bbox 536 621 609 661; x_wconf 92' lang='lat' dir='ltr'>pro</span> <span class='ocrx_word' id='word_1_48' title='bbox 654 621 755 649; x_wconf 89' lang='lat' dir='ltr'>suae</span> <span class='ocrx_word' id='word_1_49' title='bbox 800 608 950 649; x_wconf 85' lang='lat' dir='ltr'>salutis</span> <span class='ocrx_word' id='word_1_50' title='bbox 991 607 1277 649; x_wconf 87' lang='lat' dir='ltr'>sollicitudine</span> <span class='ocrx_word' id='word_1_51' title='bbox 1318 610 1548 662; x_wconf 74' lang='lat' dir='ltr'>permonet,</span> <span class='ocrx_word' id='word_1_52' title='bbox 1590 608 1667 649; x_wconf 87' lang='lat' dir='ltr'>hoc</span> 
     </span>
     <span class='ocr_line' id='line_1_12' title="bbox 136 678 1667 732; baseline -0.001 -12"><span class='ocrx_word' id='word_1_53' title='bbox 136 680 229 728; x_wconf 86' lang='lat' dir='ltr'>sibi,</span> <span class='ocrx_word' id='word_1_54' title='bbox 263 682 466 732; x_wconf 83' lang='lat' dir='ltr'>quantum</span> <span class='ocrx_word' id='word_1_55' title='bbox 501 679 709 728; x_wconf 69' lang='lat' dir='ltr'>existimo,</span> <span class='ocrx_word' id='word_1_56' title='bbox 743 679 1026 721; x_wconf 89' lang='lat' dir='ltr'>iustissimum</span> <span class='ocrx_word' id='word_1_57' title='bbox 1062 681 1348 732; x_wconf 79' lang='lat' dir='ltr'>extorqueant,</span> <span class='ocrx_word' id='word_1_58' title='bbox 1376 682 1424 720; x_wconf 91' lang='lat' dir='ltr'>ut</span> <span class='ocrx_word' id='word_1_59' title='bbox 1450 678 1499 719; x_wconf 93' lang='lat' dir='ltr'>de</span> <span class='ocrx_word' id='word_1_60' title='bbox 1528 678 1667 719; x_wconf 83' lang='lat' dir='ltr'>catho-</span> 
     </span>
     <span class='ocr_line' id='line_1_13' title="bbox 135 749 1668 803; baseline -0.001 -12"><span class='ocrx_word' id='word_1_61' title='bbox 135 750 215 791; x_wconf 90' lang='lat' dir='ltr'>lica</span> <span class='ocrx_word' id='word_1_62' title='bbox 247 750 438 800; x_wconf 82' lang='lat' dir='ltr'>ecclesia,</span> <span class='ocrx_word' id='word_1_63' title='bbox 472 750 513 791; x_wconf 92' lang='lat' dir='ltr'>id</span> <span class='ocrx_word' id='word_1_64' title='bbox 547 753 612 791; x_wconf 90' lang='lat' dir='ltr'>est</span> <span class='ocrx_word' id='word_1_65' title='bbox 643 753 732 792; x_wconf 86' lang='lat' dir='ltr'>toto</span> <span class='ocrx_word' id='word_1_66' title='bbox 767 750 865 791; x_wconf 90' lang='lat' dir='ltr'>orbe</span> <span class='ocrx_word' id='word_1_67' title='bbox 898 749 1052 791; x_wconf 86' lang='lat' dir='ltr'>diffusa</span> <span class='ocrx_word' id='word_1_68' title='bbox 1084 749 1126 791; x_wconf 91' lang='lat' dir='ltr'>id</span> <span class='ocrx_word' id='word_1_69' title='bbox 1158 750 1301 803; x_wconf 90' lang='lat' dir='ltr'>potius</span> <span class='ocrx_word' id='word_1_70' title='bbox 1341 749 1522 798; x_wconf 70' lang='lat' dir='ltr'>credant,</span> <span class='ocrx_word' id='word_1_71' title='bbox 1556 749 1668 802; x_wconf 91' lang='lat' dir='ltr'>quod</span> 
     </span>
     <span class='ocr_line' id='line_1_14' title="bbox 136 820 1668 875; baseline -0.001 -13"><span class='ocrx_word' id='word_1_72' title='bbox 136 822 367 875; x_wconf 82' lang='lat' dir='ltr'>scripturae</span> <span class='ocrx_word' id='word_1_73' title='bbox 405 821 571 862; x_wconf 86' lang='lat' dir='ltr'>diuinae</span> <span class='ocrx_word' id='word_1_74' title='bbox 611 821 768 871; x_wconf 67' lang='lat' dir='ltr'>dicunt,</span> <span class='ocrx_word' id='word_1_75' title='bbox 808 834 887 862; x_wconf 91' lang='lat' dir='ltr'>non</span> <span class='ocrx_word' id='word_1_76' title='bbox 927 820 1039 875; x_wconf 91' lang='lat' dir='ltr'>quod</span> <span class='ocrx_word' id='word_1_77' title='bbox 1078 820 1246 874; x_wconf 84' lang='lat' dir='ltr'>linguae</span> <span class='ocrx_word' id='word_1_78' title='bbox 1292 821 1499 862; x_wconf 83' lang='lat' dir='ltr'>humanae</span> <span class='ocrx_word' id='word_1_79' title='bbox 1543 821 1668 862; x_wconf 87' lang='lat' dir='ltr'>male-</span> 
     </span>
     <span class='ocr_line' id='line_1_15' title="bbox 136 892 1669 945; baseline -0.001 -11"><span class='ocrx_word' id='word_1_80' title='bbox 136 892 293 934; x_wconf 87' lang='lat' dir='ltr'>dicunt.</span> <span class='ocrx_word' id='word_1_81' title='bbox 327 892 376 933; x_wconf 92' lang='lat' dir='ltr'>de</span> <span class='ocrx_word' id='word_1_82' title='bbox 409 893 501 945; x_wconf 84' lang='lat' dir='ltr'>ipsa</span> <span class='ocrx_word' id='word_1_83' title='bbox 533 905 631 934; x_wconf 87' lang='lat' dir='ltr'>uero</span> <span class='ocrx_word' id='word_1_84' title='bbox 666 893 943 935; x_wconf 84' lang='lat' dir='ltr'>dissensione.</span> <span class='ocrx_word' id='word_1_85' title='bbox 978 905 1083 945; x_wconf 86' lang='lat' dir='ltr'>qnae</span> <span class='ocrx_word' id='word_1_86' title='bbox 1116 892 1223 934; x_wconf 85' lang='lat' dir='ltr'>inter</span> <span class='ocrx_word' id='word_1_87' title='bbox 1256 892 1446 933; x_wconf 89' lang='lat' dir='ltr'>homines</span> <span class='ocrx_word' id='word_1_88' title='bbox 1481 895 1569 933; x_wconf 86' lang='lat' dir='ltr'>orta</span> <span class='ocrx_word' id='word_1_89' title='bbox 1604 896 1669 932; x_wconf 77' lang='lat' dir='ltr'>est</span> 
     </span>
     <span class='ocr_line' id='line_1_16' title="bbox 136 963 1667 1017; baseline -0.001 -12"><span class='ocrx_word' id='word_1_90' title='bbox 136 990 190 993; x_wconf 88' lang='lat'>-—</span> <span class='ocrx_word' id='word_1_91' title='bbox 220 964 290 1017; x_wconf 89' lang='lat' dir='ltr'>qui</span> <span class='ocrx_word' id='word_1_92' title='bbox 324 965 468 1017; x_wconf 88' lang='lat' dir='ltr'>quales</span> <span class='ocrx_word' id='word_1_93' title='bbox 495 964 599 1005; x_wconf 88' lang='lat' dir='ltr'>libet</span> <span class='ocrx_word' id='word_1_94' title='bbox 630 964 799 1006; x_wconf 87' lang='lat' dir='ltr'>fuerint.</span> <span class='ocrx_word' id='word_1_95' title='bbox 833 977 911 1005; x_wconf 90' lang='lat' dir='ltr'>non</span> <span class='ocrx_word' id='word_1_96' title='bbox 947 964 1092 1017; x_wconf 86' lang='lat' dir='ltr'>utique</span> <span class='ocrx_word' id='word_1_97' title='bbox 1125 963 1415 1017; x_wconf 85' lang='lat' dir='ltr'>praeiudicant</span> <span class='ocrx_word' id='word_1_98' title='bbox 1446 964 1667 1017; x_wconf 81' lang='lat' dir='ltr'>promissis</span> 
     </span>
     <span class='ocr_line' id='line_1_17' title="bbox 137 1034 1669 1087; baseline 0.001 -12"><span class='ocrx_word' id='word_1_99' title='bbox 137 1034 216 1083; x_wconf 74' lang='lat' dir='ltr'>dei,</span> <span class='ocrx_word' id='word_1_100' title='bbox 256 1035 326 1087; x_wconf 88' lang='lat' dir='ltr'>qui</span> <span class='ocrx_word' id='word_1_101' title='bbox 367 1034 470 1075; x_wconf 82' lang='lat' dir='ltr'>dixit</span> <span class='ocrx_word' id='word_1_102' title='bbox 508 1034 556 1076; x_wconf 89' lang='lat' dir='ltr'>ad</span> <span class='ocrx_word' id='word_1_103' title='bbox 591 1035 821 1076; x_wconf 85' lang='lat' dir='ltr'>Abraham:</span> <span class='ocrx_word' id='word_1_104' title='bbox 860 1035 910 1075; x_wconf 92' lang='lat' dir='ltr'>In</span> <span class='ocrx_word' id='word_1_105' title='bbox 953 1035 1141 1076; x_wconf 89' lang='lat' dir='ltr'>semine</span> <span class='ocrx_word' id='word_1_106' title='bbox 1180 1039 1265 1076; x_wconf 89' lang='lat' dir='ltr'>tuo</span> <span class='ocrx_word' id='word_1_107' title='bbox 1304 1035 1669 1076; x_wconf 88' lang='lat' dir='ltr'>benedicentur</span> 
     </span>
     <span class='ocr_line' id='line_1_18' title="bbox 138 1105 1667 1160; baseline 0.001 -14"><span class='ocrx_word' id='word_1_108' title='bbox 138 1118 302 1147; x_wconf 91' lang='lat' dir='ltr'>omnes</span> <span class='ocrx_word' id='word_1_109' title='bbox 332 1109 520 1160; x_wconf 71' lang='lat' dir='ltr'>gentes,</span> <span class='ocrx_word' id='word_1_110' title='bbox 549 1105 661 1159; x_wconf 91' lang='lat' dir='ltr'>quod</span> <span class='ocrx_word' id='word_1_111' title='bbox 688 1106 892 1147; x_wconf 87' lang='lat' dir='ltr'>creditum</span> <span class='ocrx_word' id='word_1_112' title='bbox 921 1109 998 1155; x_wconf 66' lang='lat' dir='ltr'>est,</span> <span class='ocrx_word' id='word_1_113' title='bbox 1026 1118 1121 1147; x_wconf 91' lang='lat' dir='ltr'>cum</span> <span class='ocrx_word' id='word_1_114' title='bbox 1149 1106 1366 1147; x_wconf 83' lang='lat' dir='ltr'>audiretur</span> <span class='ocrx_word' id='word_1_115' title='bbox 1391 1106 1667 1159; x_wconf 74' lang='lat' dir='ltr'>praedictum,</span> 
     </span>
     <span class='ocr_line' id='line_1_19' title="bbox 138 1177 1667 1231; baseline 0 -14"><span class='ocrx_word' id='word_1_116' title='bbox 138 1180 178 1218; x_wconf 87' lang='lat' dir='ltr'>et</span> <span class='ocrx_word' id='word_1_117' title='bbox 222 1179 410 1231; x_wconf 87' lang='lat' dir='ltr'>negatur,</span> <span class='ocrx_word' id='word_1_118' title='bbox 460 1190 554 1218; x_wconf 90' lang='lat' dir='ltr'>cum</span> <span class='ocrx_word' id='word_1_119' title='bbox 601 1177 770 1218; x_wconf 89' lang='lat' dir='ltr'>uidetur</span> <span class='ocrx_word' id='word_1_120' title='bbox 812 1177 1034 1230; x_wconf 88' lang='lat' dir='ltr'>impletum</span> <span class='ocrx_word' id='word_1_121' title='bbox 1082 1202 1152 1227; x_wconf 83' lang='lat'>—‚</span> <span class='ocrx_word' id='word_1_122' title='bbox 1194 1177 1272 1218; x_wconf 89' lang='lat' dir='ltr'>hoc</span> <span class='ocrx_word' id='word_1_123' title='bbox 1316 1179 1455 1218; x_wconf 89' lang='lat' dir='ltr'>tamen</span> <span class='ocrx_word' id='word_1_124' title='bbox 1500 1177 1667 1218; x_wconf 87' lang='lat' dir='ltr'>interim</span> 
     </span>
     <span class='ocr_line' id='line_1_20' title="bbox 134 1247 1666 1302; baseline 0 -14"><span class='ocrx_word' id='word_1_125' title='bbox 134 1247 434 1289; x_wconf 87' lang='lat' dir='ltr'>breuissimum</span> <span class='ocrx_word' id='word_1_126' title='bbox 468 1250 521 1290; x_wconf 86' lang='lat' dir='ltr'>et.</span> <span class='ocrx_word' id='word_1_127' title='bbox 555 1248 635 1289; x_wconf 90' lang='lat' dir='ltr'>nisi</span> <span class='ocrx_word' id='word_1_128' title='bbox 670 1248 803 1297; x_wconf 72' lang='lat' dir='ltr'>fallor,</span> <span class='ocrx_word' id='word_1_129' title='bbox 838 1248 1163 1290; x_wconf 85' lang='lat' dir='ltr'>inuictissimum</span> <span class='ocrx_word' id='word_1_130' title='bbox 1199 1249 1399 1302; x_wconf 77' lang='lat' dir='ltr'>cogitent,</span> <span class='ocrx_word' id='word_1_131' title='bbox 1427 1249 1500 1289; x_wconf 86' lang='lat' dir='ltr'>aut</span> <span class='ocrx_word' id='word_1_132' title='bbox 1531 1250 1666 1289; x_wconf 87' lang='lat' dir='ltr'>actam</span> 
     </span>
     <span class='ocr_line' id='line_1_21' title="bbox 136 1318 1667 1361; baseline -0.001 -1"><span class='ocrx_word' id='word_1_133' title='bbox 136 1332 226 1360; x_wconf 90' lang='lat' dir='ltr'>esse</span> <span class='ocrx_word' id='word_1_134' title='bbox 270 1319 395 1361; x_wconf 85' lang='lat' dir='ltr'>istam</span> <span class='ocrx_word' id='word_1_135' title='bbox 442 1332 610 1361; x_wconf 85' lang='lat' dir='ltr'>causam</span> <span class='ocrx_word' id='word_1_136' title='bbox 650 1319 689 1359; x_wconf 91' lang='lat' dir='ltr'>in</span> <span class='ocrx_word' id='word_1_137' title='bbox 737 1319 1026 1361; x_wconf 88' lang='lat' dir='ltr'>ecclesiastico</span> <span class='ocrx_word' id='word_1_138' title='bbox 1072 1320 1348 1361; x_wconf 83' lang='lat' dir='ltr'>transmarino</span> <span class='ocrx_word' id='word_1_139' title='bbox 1393 1318 1550 1360; x_wconf 90' lang='lat' dir='ltr'>iudicio</span> <span class='ocrx_word' id='word_1_140' title='bbox 1597 1329 1667 1360; x_wconf 87' lang='lat' dir='ltr'>aut</span> 
     </span>
     <span class='ocr_line' id='line_1_22' title="bbox 136 1390 1666 1441; baseline -0.001 -9"><span class='ocrx_word' id='word_1_141' title='bbox 136 1404 214 1432; x_wconf 88' lang='lat' dir='ltr'>non</span> <span class='ocrx_word' id='word_1_142' title='bbox 254 1403 347 1432; x_wconf 88' lang='lat' dir='ltr'>esse</span> <span class='ocrx_word' id='word_1_143' title='bbox 392 1393 551 1434; x_wconf 86' lang='lat' dir='ltr'>actam:</span> <span class='ocrx_word' id='word_1_144' title='bbox 598 1391 632 1432; x_wconf 91' lang='lat' dir='ltr'>si</span> <span class='ocrx_word' id='word_1_145' title='bbox 678 1394 771 1432; x_wconf 82' lang='lat' dir='ltr'>acta</span> <span class='ocrx_word' id='word_1_146' title='bbox 814 1391 871 1431; x_wconf 88' lang='lat' dir='ltr'>ibi</span> <span class='ocrx_word' id='word_1_147' title='bbox 917 1404 997 1432; x_wconf 88' lang='lat' dir='ltr'>non</span> <span class='ocrx_word' id='word_1_148' title='bbox 1044 1394 1122 1441; x_wconf 76' lang='lat' dir='ltr'>est,</span> <span class='ocrx_word' id='word_1_149' title='bbox 1161 1391 1359 1432; x_wconf 85' lang='lat' dir='ltr'>innocens</span> <span class='ocrx_word' id='word_1_150' title='bbox 1406 1393 1471 1432; x_wconf 90' lang='lat' dir='ltr'>est</span> <span class='ocrx_word' id='word_1_151' title='bbox 1509 1390 1666 1431; x_wconf 81' lang='lat' dir='ltr'>Christi</span> 
     </span>
     <span class='ocr_line' id='line_1_23' title="bbox 136 1461 1669 1516; baseline -0.001 -13"><span class='ocrx_word' id='word_1_152' title='bbox 136 1462 315 1503; x_wconf 88' lang='lat' dir='ltr'>societas</span> <span class='ocrx_word' id='word_1_153' title='bbox 354 1474 427 1515; x_wconf 89' lang='lat' dir='ltr'>per</span> <span class='ocrx_word' id='word_1_154' title='bbox 465 1474 609 1503; x_wconf 90' lang='lat' dir='ltr'>omnes</span> <span class='ocrx_word' id='word_1_155' title='bbox 648 1462 947 1502; x_wconf 85' lang='lat' dir='ltr'>transmarinas</span> <span class='ocrx_word' id='word_1_156' title='bbox 988 1464 1149 1516; x_wconf 72' lang='lat' dir='ltr'>gentes,</span> <span class='ocrx_word' id='word_1_157' title='bbox 1189 1462 1310 1502; x_wconf 88' lang='lat' dir='ltr'>cuius</span> <span class='ocrx_word' id='word_1_158' title='bbox 1344 1461 1560 1502; x_wconf 86' lang='lat' dir='ltr'>societatis</span> <span class='ocrx_word' id='word_1_159' title='bbox 1594 1474 1669 1502; x_wconf 85' lang='lat' dir='ltr'>nos</span> 
     </span>
     <span class='ocr_line' id='line_1_24' title="bbox 136 1532 1668 1587; baseline -0.001 -13"><span class='ocrx_word' id='word_1_160' title='bbox 136 1533 427 1575; x_wconf 86' lang='lat' dir='ltr'>communione</span> <span class='ocrx_word' id='word_1_161' title='bbox 472 1533 718 1587; x_wconf 79' lang='lat' dir='ltr'>gaudemus,</span> <span class='ocrx_word' id='word_1_162' title='bbox 760 1538 800 1574; x_wconf 89' lang='lat' dir='ltr'>et</span> <span class='ocrx_word' id='word_1_163' title='bbox 845 1533 936 1574; x_wconf 91' lang='lat' dir='ltr'>ideo</span> <span class='ocrx_word' id='word_1_164' title='bbox 983 1533 1032 1574; x_wconf 84' lang='lat' dir='ltr'>ab</span> <span class='ocrx_word' id='word_1_165' title='bbox 1078 1533 1137 1574; x_wconf 91' lang='lat' dir='ltr'>eis</span> <span class='ocrx_word' id='word_1_166' title='bbox 1182 1533 1475 1574; x_wconf 85' lang='lat' dir='ltr'>innocentibus</span> <span class='ocrx_word' id='word_1_167' title='bbox 1521 1532 1668 1584; x_wconf 86' lang='lat' dir='ltr'>utique</span> 
     </span>
     <span class='ocr_line' id='line_1_25' title="bbox 137 1603 1667 1659; baseline -0.001 -13"><span class='ocrx_word' id='word_1_168' title='bbox 137 1604 339 1658; x_wconf 84' lang='lat' dir='ltr'>sacrilega</span> <span class='ocrx_word' id='word_1_169' title='bbox 384 1605 658 1659; x_wconf 87' lang='lat' dir='ltr'>diremptione</span> <span class='ocrx_word' id='word_1_170' title='bbox 705 1606 966 1658; x_wconf 83' lang='lat' dir='ltr'>separantur;</span> <span class='ocrx_word' id='word_1_171' title='bbox 1014 1604 1048 1645; x_wconf 92' lang='lat' dir='ltr'>si</span> <span class='ocrx_word' id='word_1_172' title='bbox 1095 1616 1191 1645; x_wconf 88' lang='lat' dir='ltr'>uero</span> <span class='ocrx_word' id='word_1_173' title='bbox 1237 1606 1331 1645; x_wconf 87' lang='lat' dir='ltr'>acta</span> <span class='ocrx_word' id='word_1_174' title='bbox 1374 1603 1432 1644; x_wconf 92' lang='lat' dir='ltr'>ibi</span> <span class='ocrx_word' id='word_1_175' title='bbox 1478 1606 1543 1644; x_wconf 90' lang='lat' dir='ltr'>est</span> <span class='ocrx_word' id='word_1_176' title='bbox 1585 1603 1667 1644; x_wconf 77' lang='lat' dir='ltr'>ista</span> 
     </span>
     <span class='ocr_line' id='line_1_26' title="bbox 137 1674 1668 1729; baseline -0.001 -12"><span class='ocrx_word' id='word_1_177' title='bbox 137 1688 275 1725; x_wconf 71' lang='lat' dir='ltr'>causa,</span> <span class='ocrx_word' id='word_1_178' title='bbox 310 1676 404 1728; x_wconf 90' lang='lat' dir='ltr'>quis</span> <span class='ocrx_word' id='word_1_179' title='bbox 438 1689 516 1716; x_wconf 86' lang='lat' dir='ltr'>non</span> <span class='ocrx_word' id='word_1_180' title='bbox 550 1675 783 1729; x_wconf 85' lang='lat' dir='ltr'>intellegat.</span> <span class='ocrx_word' id='word_1_181' title='bbox 817 1676 911 1728; x_wconf 88' lang='lat' dir='ltr'>quis</span> <span class='ocrx_word' id='word_1_182' title='bbox 952 1687 1030 1715; x_wconf 90' lang='lat' dir='ltr'>non</span> <span class='ocrx_word' id='word_1_183' title='bbox 1071 1674 1238 1719; x_wconf 79' lang='lat' dir='ltr'>sentiat,</span> <span class='ocrx_word' id='word_1_184' title='bbox 1274 1674 1369 1727; x_wconf 89' lang='lat' dir='ltr'>quis</span> <span class='ocrx_word' id='word_1_185' title='bbox 1406 1687 1485 1716; x_wconf 91' lang='lat' dir='ltr'>non</span> <span class='ocrx_word' id='word_1_186' title='bbox 1527 1674 1668 1716; x_wconf 86' lang='lat' dir='ltr'>uideat</span> 
     </span>
     <span class='ocr_line' id='line_1_27' title="bbox 137 1745 1668 1800; baseline -0.001 -12"><span class='ocrx_word' id='word_1_187' title='bbox 137 1760 207 1788; x_wconf 91' lang='lat' dir='ltr'>eos</span> <span class='ocrx_word' id='word_1_188' title='bbox 234 1747 272 1788; x_wconf 91' lang='lat' dir='ltr'>in</span> <span class='ocrx_word' id='word_1_189' title='bbox 302 1760 348 1787; x_wconf 84' lang='lat' dir='ltr'>ea</span> <span class='ocrx_word' id='word_1_190' title='bbox 377 1747 527 1795; x_wconf 84' lang='lat' dir='ltr'>uictos,</span> <span class='ocrx_word' id='word_1_191' title='bbox 563 1759 739 1799; x_wconf 84' lang='lat' dir='ltr'>quorum</span> <span class='ocrx_word' id='word_1_192' title='bbox 769 1746 862 1787; x_wconf 88' lang='lat' dir='ltr'>inde</span> <span class='ocrx_word' id='word_1_193' title='bbox 897 1745 1136 1787; x_wconf 90' lang='lat' dir='ltr'>communio</span> <span class='ocrx_word' id='word_1_194' title='bbox 1165 1748 1357 1799; x_wconf 83' lang='lat' dir='ltr'>separata</span> <span class='ocrx_word' id='word_1_195' title='bbox 1383 1747 1475 1787; x_wconf 73' lang='lat' dir='ltr'>est?</span> <span class='ocrx_word' id='word_1_196' title='bbox 1510 1745 1668 1800; x_wconf 83' lang='lat' dir='ltr'>eligant</span> 
     </span>
     <span class='ocr_line' id='line_1_28' title="bbox 137 1816 1668 1872; baseline -0.001 -13"><span class='ocrx_word' id='word_1_197' title='bbox 137 1830 248 1872; x_wconf 70' lang='lat' dir='ltr'>ergo,</span> <span class='ocrx_word' id='word_1_198' title='bbox 275 1820 417 1859; x_wconf 88' lang='lat' dir='ltr'>utrum</span> <span class='ocrx_word' id='word_1_199' title='bbox 450 1817 600 1858; x_wconf 85' lang='lat' dir='ltr'>malint</span> <span class='ocrx_word' id='word_1_200' title='bbox 632 1817 813 1861; x_wconf 86' lang='lat' dir='ltr'>credere.</span> <span class='ocrx_word' id='word_1_201' title='bbox 842 1817 954 1870; x_wconf 88' lang='lat' dir='ltr'>quod</span> <span class='ocrx_word' id='word_1_202' title='bbox 980 1816 1358 1870; x_wconf 86' lang='lat' dir='ltr'>pronuntiauerunt</span> <span class='ocrx_word' id='word_1_203' title='bbox 1390 1816 1668 1858; x_wconf 79' lang='lat' dir='ltr'>ecclesiastici</span> 
     </span>
     <span class='ocr_line' id='line_1_29' title="bbox 137 1887 1666 1943; baseline -0.001 -13"><span class='ocrx_word' id='word_1_204' title='bbox 137 1889 371 1943; x_wconf 86' lang='lat' dir='ltr'>cognitores</span> <span class='ocrx_word' id='word_1_205' title='bbox 399 1902 447 1929; x_wconf 84' lang='lat' dir='ltr'>an</span> <span class='ocrx_word' id='word_1_206' title='bbox 477 1888 588 1941; x_wconf 85' lang='lat' dir='ltr'>quod</span> <span class='ocrx_word' id='word_1_207' title='bbox 616 1892 879 1930; x_wconf 84' lang='lat' dir='ltr'>murmurant</span> <span class='ocrx_word' id='word_1_208' title='bbox 904 1888 1007 1929; x_wconf 88' lang='lat' dir='ltr'>uicti</span> <span class='ocrx_word' id='word_1_209' title='bbox 1034 1888 1284 1942; x_wconf 85' lang='lat' dir='ltr'>litigatores.</span> <span class='ocrx_word' id='word_1_210' title='bbox 1312 1887 1515 1929; x_wconf 84' lang='lat' dir='ltr'>aduersus</span> <span class='ocrx_word' id='word_1_211' title='bbox 1543 1888 1666 1928; x_wconf 85' lang='lat' dir='ltr'>istam</span> 
     </span>
    </p>
   </div>
   <div class='ocr_carea' id='block_1_8' title="bbox 257 2063 782 2106">
    <p class='ocr_par' dir='ltr' id='par_1_8' title="bbox 257 2063 782 2106">
     <span class='ocr_line' id='line_1_30' title="bbox 257 2063 782 2106; baseline 0.002 -9"><span class='ocrx_word' id='word_1_212' title='bbox 257 2065 293 2097; x_wconf 93' lang='lat'>11</span> <span class='ocrx_word' id='word_1_213' title='bbox 328 2063 414 2097; x_wconf 73' lang='lat' dir='ltr'>Gen.</span> <span class='ocrx_word' id='word_1_214' title='bbox 443 2063 499 2105; x_wconf 58' lang='lat'>253,</span> <span class='ocrx_word' id='word_1_215' title='bbox 525 2064 547 2097; x_wconf 86' lang='lat'>4</span> <span class='ocrx_word' id='word_1_216' title='bbox 575 2063 634 2104; x_wconf 82' lang='lat' dir='ltr'>(cf.</span> <span class='ocrx_word' id='word_1_217' title='bbox 666 2064 720 2098; x_wconf 75' lang='lat'>12.</span> <span class='ocrx_word' id='word_1_218' title='bbox 748 2067 782 2106; x_wconf 69' lang='lat'>3)</span> 
     </span>
    </p>
   </div>
   <div class='ocr_carea' id='block_1_9' title="bbox 137 2145 1675 2841">
    <p class='ocr_par' dir='ltr' id='par_1_9' title="bbox 137 2145 1670 2308">
     <span class='ocr_line' id='line_1_31' title="bbox 188 2145 1669 2191; baseline -0.002 -11"><span class='ocrx_word' id='word_1_219' title='bbox 188 2147 202 2180; x_wconf 93' lang='grc'><strong>1</strong></span> <span class='ocrx_word' id='word_1_220' title='bbox 232 2145 403 2191; x_wconf 87' lang='lat' dir='ltr'>quosdam</span> <span class='ocrx_word' id='word_1_221' title='bbox 432 2146 548 2181; x_wconf 83' lang='lat' dir='ltr'>adhuc</span> <span class='ocrx_word' id='word_1_222' title='bbox 574 2146 622 2180; x_wconf 84' lang='lat' dir='ltr'>Pl</span> <span class='ocrx_word' id='word_1_223' title='bbox 697 2148 717 2180; x_wconf 95' lang='lat'>‘3</span> <span class='ocrx_word' id='word_1_224' title='bbox 746 2146 856 2191; x_wconf 70' lang='lat' dir='ltr'>nuda}</span> <span class='ocrx_word' id='word_1_225' title='bbox 884 2147 999 2181; x_wconf 83' lang='lat' dir='ltr'>omnis</span> <span class='ocrx_word' id='word_1_226' title='bbox 1026 2145 1121 2180; x_wconf 81' lang='lat' dir='ltr'>nuda</span> <span class='ocrx_word' id='word_1_227' title='bbox 1143 2145 1176 2180; x_wconf 84' lang='lat' dir='ltr'><em>R</em></span> <span class='ocrx_word' id='word_1_228' title='bbox 1274 2156 1317 2179; x_wconf 88' lang='lat' dir='ltr'>ne</span> <span class='ocrx_word' id='word_1_229' title='bbox 1343 2147 1402 2188; x_wconf 82' lang='lat' dir='ltr'>(m.</span> <span class='ocrx_word' id='word_1_230' title='bbox 1428 2147 1447 2178; x_wconf 90' lang='lat'><strong><em>1</em></strong></span> <span class='ocrx_word' id='word_1_231' title='bbox 1473 2155 1563 2180; x_wconf 75' lang='lat' dir='ltr'>corr.</span> <span class='ocrx_word' id='word_1_232' title='bbox 1592 2156 1669 2178; x_wconf 57' lang='lat' dir='ltr'>nec,</span> 
     </span>
     <span class='ocr_line' id='line_1_32' title="bbox 138 2203 1667 2250; baseline -0.003 -11"><span class='ocrx_word' id='word_1_233' title='bbox 138 2207 265 2240; x_wconf 81' lang='lat' dir='ltr'>testem</span> <span class='ocrx_word' id='word_1_234' title='bbox 291 2206 339 2240; x_wconf 82' lang='lat' dir='ltr'><em>M</em></span> <span class='ocrx_word' id='word_1_235' title='bbox 434 2207 456 2239; x_wconf 85' lang='lat'><strong>4</strong></span> <span class='ocrx_word' id='word_1_236' title='bbox 484 2205 630 2243; x_wconf 81' lang='lat' dir='ltr'>faciunt,</span> <span class='ocrx_word' id='word_1_237' title='bbox 660 2217 703 2239; x_wconf 84' lang='lat' dir='ltr'>m.</span> <span class='ocrx_word' id='word_1_238' title='bbox 730 2207 755 2239; x_wconf 78' lang='lat'><strong><em>2</em></strong></span> <span class='ocrx_word' id='word_1_239' title='bbox 781 2205 928 2250; x_wconf 81' lang='lat' dir='ltr'>fugiunt</span> <span class='ocrx_word' id='word_1_240' title='bbox 953 2205 1000 2238; x_wconf 70' lang='grc' dir='ltr'>Ρ1</span> <span class='ocrx_word' id='word_1_241' title='bbox 1101 2204 1307 2249; x_wconf 72' lang='lat' dir='ltr'>questione-</span> <span class='ocrx_word' id='word_1_242' title='bbox 1327 2203 1362 2237; x_wconf 89' lang='lat' dir='ltr'><strong><em>P</em></strong></span> <span class='ocrx_word' id='word_1_243' title='bbox 1452 2204 1472 2235; x_wconf 75' lang='lat'><strong>5</strong></span> <span class='ocrx_word' id='word_1_244' title='bbox 1501 2203 1667 2246; x_wconf 74' lang='lat' dir='ltr'>unitatis}</span> 
     </span>
     <span class='ocr_line' id='line_1_33' title="bbox 137 2261 1670 2308; baseline -0.002 -10"><span class='ocrx_word' id='word_1_245' title='bbox 137 2263 372 2299; x_wconf 85' lang='lat' dir='ltr'>humanitatis</span> <span class='ocrx_word' id='word_1_246' title='bbox 393 2264 428 2298; x_wconf 89' lang='lat' dir='ltr'><em>P</em></span> <span class='ocrx_word' id='word_1_247' title='bbox 500 2265 766 2299; x_wconf 54' lang='lat' dir='ltr'>sollicitudine*</span> <span class='ocrx_word' id='word_1_248' title='bbox 788 2268 877 2307; x_wconf 75' lang='lat' dir='ltr'>(non</span> <span class='ocrx_word' id='word_1_249' title='bbox 895 2265 977 2308; x_wconf 74' lang='lat' dir='ltr'>suit</span> <span class='ocrx_word' id='word_1_250' title='bbox 1004 2266 1051 2306; x_wconf 84' lang='lat' dir='ltr'>m)</span> <span class='ocrx_word' id='word_1_251' title='bbox 1077 2264 1113 2297; x_wconf 92' lang='lat' dir='ltr'><em>P</em></span> <span class='ocrx_word' id='word_1_252' title='bbox 1159 2266 1180 2298; x_wconf 87' lang='grc'><strong>6</strong></span> <span class='ocrx_word' id='word_1_253' title='bbox 1208 2266 1247 2298; x_wconf 87' lang='lat' dir='ltr'>ut</span> <span class='ocrx_word' id='word_1_254' title='bbox 1276 2263 1334 2308; x_wconf 74' lang='lat' dir='ltr'>de]</span> <span class='ocrx_word' id='word_1_255' title='bbox 1363 2262 1457 2297; x_wconf 76' lang='lat' dir='ltr'>unde</span> <span class='ocrx_word' id='word_1_256' title='bbox 1478 2261 1670 2296; x_wconf 79' lang='lat' dir='ltr'><em>PMFAR</em></span> 
     </span>
    </p>

    <p class='ocr_par' dir='ltr' id='par_1_10' title="bbox 138 2323 1675 2841">
     <span class='ocr_line' id='line_1_34' title="bbox 186 2323 1669 2370; baseline -0.003 -12"><span class='ocrx_word' id='word_1_257' title='bbox 186 2324 383 2359; x_wconf 86' lang='lat' dir='ltr'>catholicae</span> <span class='ocrx_word' id='word_1_258' title='bbox 412 2325 584 2370; x_wconf 52' lang='lat' dir='ltr'>ecclesiae</span> <span class='ocrx_word' id='word_1_259' title='bbox 610 2324 646 2360; x_wconf 85' lang='lat' dir='ltr'><em>R</em></span> <span class='ocrx_word' id='word_1_260' title='bbox 746 2326 764 2359; x_wconf 73' lang='lat'>7</span> <span class='ocrx_word' id='word_1_261' title='bbox 794 2324 943 2358; x_wconf 58' lang='lat' dir='ltr'>diffusa*</span> <span class='ocrx_word' id='word_1_262' title='bbox 964 2336 1011 2367; x_wconf 69' lang='lat' dir='ltr'>(m</span> <span class='ocrx_word' id='word_1_263' title='bbox 1039 2327 1146 2367; x_wconf 76' lang='lat' dir='ltr'>eras.)</span> <span class='ocrx_word' id='word_1_264' title='bbox 1172 2324 1208 2358; x_wconf 89' lang='lat' dir='ltr'><em>P</em></span> <span class='ocrx_word' id='word_1_265' title='bbox 1232 2323 1382 2358; x_wconf 85' lang='lat' dir='ltr'>diffusae</span> <span class='ocrx_word' id='word_1_266' title='bbox 1409 2323 1445 2357; x_wconf 82' lang='lat' dir='ltr'><em>R</em></span> <span class='ocrx_word' id='word_1_267' title='bbox 1548 2323 1669 2368; x_wconf 62' lang='lat' dir='ltr'>potius</span> 
     </span>
     <span class='ocr_line' id='line_1_35' title="bbox 139 2381 1669 2430; baseline -0.002 -13"><span class='ocrx_word' id='word_1_268' title='bbox 139 2383 175 2417; x_wconf 86' lang='lat' dir='ltr'>id</span> <span class='ocrx_word' id='word_1_269' title='bbox 202 2382 281 2417; x_wconf 78' lang='lat' dir='ltr'>edd.</span> <span class='ocrx_word' id='word_1_270' title='bbox 370 2384 391 2418; x_wconf 80' lang='lat'>8</span> <span class='ocrx_word' id='word_1_271' title='bbox 419 2383 562 2418; x_wconf 87' lang='lat' dir='ltr'>diuinae</span> <span class='ocrx_word' id='word_1_272' title='bbox 590 2384 788 2429; x_wconf 87' lang='lat' dir='ltr'>scripturae</span> <span class='ocrx_word' id='word_1_273' title='bbox 815 2383 894 2418; x_wconf 78' lang='lat' dir='ltr'>edd.</span> <span class='ocrx_word' id='word_1_274' title='bbox 984 2385 1026 2418; x_wconf 85' lang='lat'>10</span> <span class='ocrx_word' id='word_1_275' title='bbox 1053 2384 1129 2428; x_wconf 74' lang='lat' dir='ltr'>qui]</span> <span class='ocrx_word' id='word_1_276' title='bbox 1159 2395 1228 2430; x_wconf 31' lang='lat' dir='ltr'>qus„¹</span> <span class='ocrx_word' id='word_1_277' title='bbox 1256 2386 1290 2417; x_wconf 88' lang='lat' dir='ltr'>et</span> <span class='ocrx_word' id='word_1_278' title='bbox 1319 2382 1366 2416; x_wconf 86' lang='lat' dir='ltr'>Pl</span> <span class='ocrx_word' id='word_1_279' title='bbox 1462 2383 1500 2416; x_wconf 85' lang='lat'>11</span> <span class='ocrx_word' id='word_1_280' title='bbox 1531 2381 1575 2415; x_wconf 85' lang='lat' dir='ltr'>ad</span> <span class='ocrx_word' id='word_1_281' title='bbox 1602 2392 1669 2415; x_wconf 83' lang='lat' dir='ltr'>om.</span> 
     </span>
     <span class='ocr_line' id='line_1_36' title="bbox 138 2440 1674 2489; baseline -0.003 -12"><span class='ocrx_word' id='word_1_282' title='bbox 138 2442 246 2477; x_wconf 78' lang='lat' dir='ltr'>FAR</span> <span class='ocrx_word' id='word_1_283' title='bbox 298 2444 339 2477; x_wconf 86' lang='lat'>13</span> <span class='ocrx_word' id='word_1_284' title='bbox 366 2444 500 2489; x_wconf 79' lang='lat' dir='ltr'>tamen]</span> <span class='ocrx_word' id='word_1_285' title='bbox 528 2446 668 2477; x_wconf 81' lang='lat' dir='ltr'>tantum</span> <span class='ocrx_word' id='word_1_286' title='bbox 697 2442 745 2477; x_wconf 74' lang='lat'>1²¹</span> <span class='ocrx_word' id='word_1_287' title='bbox 773 2443 853 2479; x_wconf 78' lang='lat' dir='ltr'>edd.</span> <span class='ocrx_word' id='word_1_288' title='bbox 875 2447 1026 2487; x_wconf 75' lang='lat' dir='ltr'>praeter</span> <span class='ocrx_word' id='word_1_289' title='bbox 1052 2455 1075 2477; x_wconf 88' lang='grc' dir='ltr'><em>α</em></span> <span class='ocrx_word' id='word_1_290' title='bbox 1149 2443 1244 2477; x_wconf 85' lang='lat' dir='ltr'>inter</span> <span class='ocrx_word' id='word_1_291' title='bbox 1271 2454 1316 2485; x_wconf 84' lang='lat' dir='ltr'>m,</span> <span class='ocrx_word' id='word_1_292' title='bbox 1343 2454 1387 2476; x_wconf 89' lang='lat' dir='ltr'>m.</span> <span class='ocrx_word' id='word_1_293' title='bbox 1417 2446 1441 2475; x_wconf 64' lang='lat'><em>2</em></span> <span class='ocrx_word' id='word_1_294' title='bbox 1467 2441 1611 2475; x_wconf 80' lang='lat' dir='ltr'>interim</span> <span class='ocrx_word' id='word_1_295' title='bbox 1641 2440 1674 2473; x_wconf 76' lang='lat'>1¹</span> 
     </span>
     <span class='ocr_line' id='line_1_37' title="bbox 142 2499 1673 2547; baseline -0.001 -12"><span class='ocrx_word' id='word_1_296' title='bbox 142 2502 182 2535; x_wconf 82' lang='lat'>14</span> <span class='ocrx_word' id='word_1_297' title='bbox 210 2508 246 2535; x_wconf 88' lang='lat' dir='ltr'>et</span> <span class='ocrx_word' id='word_1_298' title='bbox 271 2502 339 2536; x_wconf 81' lang='lat' dir='ltr'>nisi</span> <span class='ocrx_word' id='word_1_299' title='bbox 366 2502 486 2547; x_wconf 77' lang='lat' dir='ltr'>fallor}</span> <span class='ocrx_word' id='word_1_300' title='bbox 515 2503 551 2536; x_wconf 88' lang='lat' dir='ltr'>ni</span> <span class='ocrx_word' id='word_1_301' title='bbox 577 2502 682 2536; x_wconf 85' lang='lat' dir='ltr'>fallor</span> <span class='ocrx_word' id='word_1_302' title='bbox 711 2506 746 2536; x_wconf 89' lang='lat' dir='ltr'>et</span> <span class='ocrx_word' id='word_1_303' title='bbox 772 2502 808 2538; x_wconf 87' lang='lat' dir='ltr'><em>R</em></span> <span class='ocrx_word' id='word_1_304' title='bbox 886 2504 926 2536; x_wconf 82' lang='lat'>16</span> <span class='ocrx_word' id='word_1_305' title='bbox 953 2503 1142 2547; x_wconf 58' lang='lat' dir='ltr'>ignoscens</span> <span class='ocrx_word' id='word_1_306' title='bbox 1164 2502 1199 2535; x_wconf 92' lang='lat' dir='ltr'><em>P</em></span> <span class='ocrx_word' id='word_1_307' title='bbox 1293 2502 1350 2546; x_wconf 69' lang='lat' dir='ltr'>xpi</span> <span class='ocrx_word' id='word_1_308' title='bbox 1379 2512 1450 2535; x_wconf 76' lang='lat' dir='ltr'>ras.</span> <span class='ocrx_word' id='word_1_309' title='bbox 1478 2512 1520 2534; x_wconf 67' lang='lat' dir='ltr'>ex</span> <span class='ocrx_word' id='word_1_310' title='bbox 1546 2501 1609 2544; x_wconf 73' lang='lat' dir='ltr'>xps</span> <span class='ocrx_word' id='word_1_311' title='bbox 1626 2499 1673 2533; x_wconf 80' lang='lat' dir='ltr'><em>M</em></span> 
     </span>
     <span class='ocr_line' id='line_1_38' title="bbox 142 2559 1669 2606; baseline -0.001 -13"><span class='ocrx_word' id='word_1_312' title='bbox 142 2559 184 2593; x_wconf 72' lang='lat'>18</span> <span class='ocrx_word' id='word_1_313' title='bbox 211 2561 459 2594; x_wconf 86' lang='lat' dir='ltr'>communione</span> <span class='ocrx_word' id='word_1_314' title='bbox 486 2572 564 2595; x_wconf 81' lang='lat' dir='ltr'>cum</span> <span class='ocrx_word' id='word_1_315' title='bbox 593 2572 665 2595; x_wconf 67' lang='lat' dir='ltr'>ras.</span> <span class='ocrx_word' id='word_1_316' title='bbox 694 2572 802 2605; x_wconf 74' lang='lat' dir='ltr'>super</span> <span class='ocrx_word' id='word_1_317' title='bbox 829 2572 846 2594; x_wconf 89' lang='lat' dir='ltr'>e</span> <span class='ocrx_word' id='word_1_318' title='bbox 872 2561 919 2595; x_wconf 87' lang='lat' dir='ltr'><strong><em>M</em></strong></span> <span class='ocrx_word' id='word_1_319' title='bbox 1014 2561 1157 2606; x_wconf 80' lang='lat' dir='ltr'>utrique</span> <span class='ocrx_word' id='word_1_320' title='bbox 1184 2561 1243 2595; x_wconf 86' lang='lat' dir='ltr'>F·</span> <span class='ocrx_word' id='word_1_321' title='bbox 1321 2561 1362 2594; x_wconf 74' lang='lat'>19</span> <span class='ocrx_word' id='word_1_322' title='bbox 1390 2559 1564 2602; x_wconf 83' lang='lat' dir='ltr'>sacrilega</span> <span class='ocrx_word' id='word_1_323' title='bbox 1591 2569 1669 2591; x_wconf 80' lang='lat' dir='ltr'>cum</span> 
     </span>
     <span class='ocr_line' id='line_1_39' title="bbox 140 2619 1672 2665; baseline -0.002 -13"><span class='ocrx_word' id='word_1_324' title='bbox 140 2630 214 2652; x_wconf 74' lang='lat' dir='ltr'>rme.</span> <span class='ocrx_word' id='word_1_325' title='bbox 239 2631 348 2663; x_wconf 63' lang='lat' dir='ltr'>super</span> <span class='ocrx_word' id='word_1_326' title='bbox 374 2631 393 2653; x_wconf 85' lang='lat' dir='ltr'>a</span> <span class='ocrx_word' id='word_1_327' title='bbox 422 2620 464 2653; x_wconf 80' lang='lat' dir='ltr'>M</span> <span class='ocrx_word' id='word_1_328' title='bbox 491 2620 701 2664; x_wconf 82' lang='lat' dir='ltr'>sacrilegam</span> <span class='ocrx_word' id='word_1_329' title='bbox 729 2622 763 2653; x_wconf 80' lang='lat' dir='ltr'><strong><em>A</em></strong></span> <span class='ocrx_word' id='word_1_330' title='bbox 880 2619 1080 2664; x_wconf 85' lang='lat' dir='ltr'>direptione</span> <span class='ocrx_word' id='word_1_331' title='bbox 1107 2620 1155 2654; x_wconf 86' lang='lat' dir='ltr'><em>M</em></span> <span class='ocrx_word' id='word_1_332' title='bbox 1177 2621 1269 2665; x_wconf 82' lang='lat' dir='ltr'>(cum</span> <span class='ocrx_word' id='word_1_333' title='bbox 1300 2630 1373 2653; x_wconf 80' lang='lat' dir='ltr'>ras.</span> <span class='ocrx_word' id='word_1_334' title='bbox 1399 2629 1509 2662; x_wconf 79' lang='lat' dir='ltr'>super</span> <span class='ocrx_word' id='word_1_335' title='bbox 1532 2621 1672 2651; x_wconf 75' lang='lat' dir='ltr'>uirum-</span> 
     </span>
     <span class='ocr_line' id='line_1_40' title="bbox 142 2673 1675 2720; baseline -0.002 -8"><span class='ocrx_word' id='word_1_336' title='bbox 142 2688 207 2720; x_wconf 81' lang='lat' dir='ltr'>que</span> <span class='ocrx_word' id='word_1_337' title='bbox 232 2690 264 2714; x_wconf 74' lang='lat' dir='ltr'>e&gt;</span> <span class='ocrx_word' id='word_1_338' title='bbox 296 2680 363 2712; x_wconf 72' lang='lat' dir='ltr'>AG</span> <span class='ocrx_word' id='word_1_339' title='bbox 529 2678 578 2712; x_wconf 85' lang='lat' dir='ltr'>ibi</span> <span class='ocrx_word' id='word_1_340' title='bbox 606 2682 686 2713; x_wconf 86' lang='lat' dir='ltr'>acta</span> <span class='ocrx_word' id='word_1_341' title='bbox 714 2682 766 2713; x_wconf 82' lang='lat' dir='ltr'>est</span> <span class='ocrx_word' id='word_1_342' title='bbox 794 2678 841 2712; x_wconf 76' lang='grc' dir='ltr'>Ι)ι</span> <span class='ocrx_word' id='word_1_343' title='bbox 876 2679 952 2719; x_wconf 63' lang='lat' dir='ltr'>(sed</span> <span class='ocrx_word' id='word_1_344' title='bbox 978 2679 1027 2713; x_wconf 83' lang='lat' dir='ltr'>ibi</span> <span class='ocrx_word' id='word_1_345' title='bbox 1054 2673 1099 2713; x_wconf 72' lang='lat' dir='ltr'>v&#39;n.</span> <span class='ocrx_word' id='word_1_346' title='bbox 1128 2682 1146 2712; x_wconf 90' lang='grc'><em>1</em></span> <span class='ocrx_word' id='word_1_347' title='bbox 1173 2691 1200 2714; x_wconf 69' lang='lat'>⁸.</span> <span class='ocrx_word' id='word_1_348' title='bbox 1227 2683 1278 2719; x_wconf 84' lang='lat' dir='ltr'>u.)</span> <span class='ocrx_word' id='word_1_349' title='bbox 1308 2678 1343 2712; x_wconf 85' lang='lat' dir='ltr'><em>R</em></span> <span class='ocrx_word' id='word_1_350' title='bbox 1370 2681 1456 2711; x_wconf 81' lang='lat' dir='ltr'>nota</span> <span class='ocrx_word' id='word_1_351' title='bbox 1484 2677 1532 2710; x_wconf 89' lang='lat' dir='ltr'>ibi</span> <span class='ocrx_word' id='word_1_352' title='bbox 1561 2679 1614 2710; x_wconf 80' lang='lat' dir='ltr'>est</span> <span class='ocrx_word' id='word_1_353' title='bbox 1646 2677 1675 2709; x_wconf 86' lang='lat' dir='ltr'><em>C</em></span> 
     </span>
     <span class='ocr_line' id='line_1_41' title="bbox 142 2737 1673 2782; baseline -0.002 -11"><span class='ocrx_word' id='word_1_354' title='bbox 142 2739 221 2771; x_wconf 79' lang='lat' dir='ltr'>acta</span> <span class='ocrx_word' id='word_1_355' title='bbox 247 2740 302 2771; x_wconf 87' lang='lat' dir='ltr'>est</span> <span class='ocrx_word' id='word_1_356' title='bbox 327 2737 376 2771; x_wconf 89' lang='lat' dir='ltr'>ibi</span> <span class='ocrx_word' id='word_1_357' title='bbox 405 2737 483 2771; x_wconf 84' lang='lat' dir='ltr'>edd.</span> <span class='ocrx_word' id='word_1_358' title='bbox 559 2738 604 2772; x_wconf 78' lang='lat'>20</span> <span class='ocrx_word' id='word_1_359' title='bbox 630 2738 796 2782; x_wconf 80' lang='lat' dir='ltr'>tellegat.</span> <span class='ocrx_word' id='word_1_360' title='bbox 822 2750 867 2772; x_wconf 82' lang='lat' dir='ltr'>m.</span> <span class='ocrx_word' id='word_1_361' title='bbox 895 2741 913 2772; x_wconf 88' lang='lat'><em>1</em></span> <span class='ocrx_word' id='word_1_362' title='bbox 939 2749 1029 2772; x_wconf 77' lang='lat' dir='ltr'>corr.</span> <span class='ocrx_word' id='word_1_363' title='bbox 1059 2738 1249 2781; x_wconf 81' lang='lat' dir='ltr'>intellegat</span> <span class='ocrx_word' id='word_1_364' title='bbox 1276 2737 1321 2771; x_wconf 76' lang='lat' dir='ltr'><em>M</em></span> <span class='ocrx_word' id='word_1_365' title='bbox 1402 2748 1468 2770; x_wconf 81' lang='lat' dir='ltr'>non</span> <span class='ocrx_word' id='word_1_366' title='bbox 1497 2740 1557 2779; x_wconf 85' lang='lat' dir='ltr'>(on</span> <span class='ocrx_word' id='word_1_367' title='bbox 1583 2747 1627 2770; x_wconf 89' lang='lat' dir='ltr'>m.</span> <span class='ocrx_word' id='word_1_368' title='bbox 1658 2738 1673 2768; x_wconf 87' lang='lat'><em>1</em></span> 
     </span>
     <span class='ocr_line' id='line_1_42' title="bbox 142 2796 1434 2841; baseline -0.001 -12"><span class='ocrx_word' id='word_1_369' title='bbox 142 2796 181 2830; x_wconf 80' lang='lat' dir='ltr'>in</span> <span class='ocrx_word' id='word_1_370' title='bbox 206 2798 291 2838; x_wconf 82' lang='lat' dir='ltr'>ras.)</span> <span class='ocrx_word' id='word_1_371' title='bbox 317 2796 448 2830; x_wconf 87' lang='lat' dir='ltr'>sentiat</span> <span class='ocrx_word' id='word_1_372' title='bbox 476 2796 514 2830; x_wconf 62' lang='lat'>1⁸</span> <span class='ocrx_word' id='word_1_373' title='bbox 583 2797 623 2830; x_wconf 78' lang='lat'>21</span> <span class='ocrx_word' id='word_1_374' title='bbox 656 2796 751 2841; x_wconf 88' lang='lat' dir='ltr'>inde]</span> <span class='ocrx_word' id='word_1_375' title='bbox 778 2797 868 2831; x_wconf 76' lang='lat' dir='ltr'>itide</span> <span class='ocrx_word' id='word_1_376' title='bbox 895 2800 951 2837; x_wconf 50' lang='grc' dir='ltr'>(ω</span> <span class='ocrx_word' id='word_1_377' title='bbox 981 2809 1013 2831; x_wconf 71' lang='grc' dir='ltr'>ιι.</span> <span class='ocrx_word' id='word_1_378' title='bbox 1041 2808 1085 2831; x_wconf 87' lang='lat' dir='ltr'>m.</span> <span class='ocrx_word' id='word_1_379' title='bbox 1105 2797 1255 2840; x_wconf 74' lang='lat' dir='ltr'>factum</span> <span class='ocrx_word' id='word_1_380' title='bbox 1283 2796 1373 2834; x_wconf 73' lang='lat' dir='ltr'>uid.)</span> <span class='ocrx_word' id='word_1_381' title='bbox 1405 2796 1434 2828; x_wconf 64' lang='lat' dir='ltr'>(l</span> 
     </span>
    </p>
   </div>
  </div>
 </body>
</html>
