<?xml version="1.0" encoding="UTF-8"?>
<!DOCTYPE html PUBLIC "-//W3C//DTD XHTML 1.0 Transitional//EN"
    "http://www.w3.org/TR/xhtml1/DTD/xhtml1-transitional.dtd">
<html xmlns="http://www.w3.org/1999/xhtml" xml:lang="en" lang="en">
 <head>
  <title>
</title>
<meta http-equiv="Content-Type" content="text/html;charset=utf-8" />
  <meta name='ocr-system' content='tesseract 3.04.00' />
  <meta name='ocr-capabilities' content='ocr_page ocr_carea ocr_par ocr_line ocrx_word'/>
</head>
<body>
  <div class='ocr_page' id='page_1' title='image "./corpusscriptorum44auguuoft_0527.png"; bbox 0 0 1952 3118; ppageno 0'>
   <div class='ocr_carea' id='block_1_1' title="bbox 0 2428 5 3118">
    <p class='ocr_par' dir='ltr' id='par_1_1' title="bbox 0 2428 5 3118">
     <span class='ocr_line' id='line_1_1' title="bbox 0 2428 5 3118; baseline 0 0"><span class='ocrx_word' id='word_1_1' title='bbox 0 2428 5 3118; x_wconf 95' lang='lat' dir='ltr'> </span> 
     </span>
    </p>
   </div>
   <div class='ocr_carea' id='block_1_2' title="bbox 76 987 106 1011">
    <p class='ocr_par' dir='ltr' id='par_1_2' title="bbox 76 987 106 1011">
     <span class='ocr_line' id='line_1_2' title="bbox 76 987 106 1011; baseline 0.067 -2"><span class='ocrx_word' id='word_1_2' title='bbox 76 987 106 1011; x_wconf 90' lang='grc'>10</span> 
     </span>
    </p>
   </div>
   <div class='ocr_carea' id='block_1_3' title="bbox 73 1341 104 1366">
    <p class='ocr_par' dir='ltr' id='par_1_3' title="bbox 73 1341 104 1366">
     <span class='ocr_line' id='line_1_3' title="bbox 73 1341 104 1366; baseline -0.032 0"><span class='ocrx_word' id='word_1_3' title='bbox 73 1341 104 1366; x_wconf 83' lang='lat'>15</span> 
     </span>
    </p>
   </div>
   <div class='ocr_carea' id='block_1_4' title="bbox 626 206 1663 253">
    <p class='ocr_par' dir='ltr' id='par_1_4' title="bbox 626 206 1663 253">
     <span class='ocr_line' id='line_1_4' title="bbox 626 206 1663 253; baseline 0.007 -12"><span class='ocrx_word' id='word_1_4' title='bbox 626 207 978 252; x_wconf 74' lang='lat' dir='ltr'><strong>epistularum</strong></span> <span class='ocrx_word' id='word_1_5' title='bbox 1019 206 1160 242; x_wconf 90' lang='lat' dir='ltr'>CLXII.</span> <span class='ocrx_word' id='word_1_6' title='bbox 1578 212 1663 253; x_wconf 84' lang='lat'>515</span> 
     </span>
    </p>
   </div>
   <div class='ocr_carea' id='block_1_5' title="bbox 127 337 1665 1882">
    <p class='ocr_par' dir='ltr' id='par_1_5' title="bbox 129 337 1665 1385">
     <span class='ocr_line' id='line_1_5' title="bbox 136 337 1665 392; baseline 0.001 -13"><span class='ocrx_word' id='word_1_7' title='bbox 136 337 290 379; x_wconf 85' lang='lat' dir='ltr'>similia</span> <span class='ocrx_word' id='word_1_8' title='bbox 322 337 566 390; x_wconf 87' lang='lat' dir='ltr'>corporibus</span> <span class='ocrx_word' id='word_1_9' title='bbox 599 339 812 390; x_wconf 80' lang='lat' dir='ltr'>apparent,</span> <span class='ocrx_word' id='word_1_10' title='bbox 853 350 931 378; x_wconf 89' lang='lat' dir='ltr'>non</span> <span class='ocrx_word' id='word_1_11' title='bbox 966 350 1059 379; x_wconf 92' lang='lat' dir='ltr'>esse</span> <span class='ocrx_word' id='word_1_12' title='bbox 1098 337 1180 379; x_wconf 89' lang='lat' dir='ltr'>nisi</span> <span class='ocrx_word' id='word_1_13' title='bbox 1219 350 1430 392; x_wconf 79' lang='lat' dir='ltr'>cclporea,</span> <span class='ocrx_word' id='word_1_14' title='bbox 1470 339 1665 381; x_wconf 87' lang='lat' dir='ltr'>uideatur</span> 
     </span>
     <span class='ocr_line' id='line_1_6' title="bbox 136 407 1661 462; baseline 0.002 -13"><span class='ocrx_word' id='word_1_15' title='bbox 136 409 215 450; x_wconf 91' lang='lat' dir='ltr'>sibi</span> <span class='ocrx_word' id='word_1_16' title='bbox 241 408 398 461; x_wconf 90' lang='lat' dir='ltr'>aliquid</span> <span class='ocrx_word' id='word_1_17' title='bbox 427 407 577 449; x_wconf 82' lang='lat' dir='ltr'><strong>dicere.</strong></span> <span class='ocrx_word' id='word_1_18' title='bbox 611 420 686 449; x_wconf 92' lang='lat' dir='ltr'>nec</span> <span class='ocrx_word' id='word_1_19' title='bbox 717 408 800 448; x_wconf 82' lang='lat' dir='ltr'>ista</span> <span class='ocrx_word' id='word_1_20' title='bbox 831 408 989 462; x_wconf 90' lang='lat' dir='ltr'>ingenii</span> <span class='ocrx_word' id='word_1_21' title='bbox 1021 408 1197 450; x_wconf 79' lang='lat' dir='ltr'><strong>tarditas</strong></span> <span class='ocrx_word' id='word_1_22' title='bbox 1230 409 1352 451; x_wconf 88' lang='lat' dir='ltr'>facile</span> <span class='ocrx_word' id='word_1_23' title='bbox 1379 410 1661 459; x_wconf 69' lang='lat' dir='ltr'>conuinciturz</span> 
     </span>
     <span class='ocr_line' id='line_1_7' title="bbox 134 477 1662 534; baseline 0.002 -15"><span class='ocrx_word' id='word_1_24' title='bbox 134 479 363 520; x_wconf 86' lang='lat' dir='ltr'>multorum</span> <span class='ocrx_word' id='word_1_25' title='bbox 391 479 544 532; x_wconf 85' lang='lat' dir='ltr'>quippe</span> <span class='ocrx_word' id='word_1_26' title='bbox 566 479 630 520; x_wconf 87' lang='lat' dir='ltr'>est</span> <span class='ocrx_word' id='word_1_27' title='bbox 657 477 782 519; x_wconf 89' lang='lat' dir='ltr'>etiam</span> <span class='ocrx_word' id='word_1_28' title='bbox 810 491 888 520; x_wconf 91' lang='lat' dir='ltr'>non</span> <span class='ocrx_word' id='word_1_29' title='bbox 916 478 1184 520; x_wconf 85' lang='lat' dir='ltr'>mediocriter</span> <span class='ocrx_word' id='word_1_30' title='bbox 1209 485 1441 531; x_wconf 87' lang='lat' dir='ltr'>acutorum,</span> <span class='ocrx_word' id='word_1_31' title='bbox 1467 481 1662 534; x_wconf 88' lang='lat' dir='ltr'>quoniam</span> 
     </span>
     <span class='ocr_line' id='line_1_8' title="bbox 133 549 1665 605; baseline 0.002 -15"><span class='ocrx_word' id='word_1_32' title='bbox 133 562 279 604; x_wconf 88' lang='lat' dir='ltr'>parum</span> <span class='ocrx_word' id='word_1_33' title='bbox 319 549 563 598; x_wconf 83' lang='lat' dir='ltr'>adtendunt,</span> <span class='ocrx_word' id='word_1_34' title='bbox 603 552 807 602; x_wconf 83' lang='lat' dir='ltr'>quantum</span> <span class='ocrx_word' id='word_1_35' title='bbox 840 549 1009 590; x_wconf 87' lang='lat' dir='ltr'>ualeant</span> <span class='ocrx_word' id='word_1_36' title='bbox 1045 549 1251 603; x_wconf 80' lang='lat' dir='ltr'>imagines</span> <span class='ocrx_word' id='word_1_37' title='bbox 1290 563 1524 604; x_wconf 87' lang='lat' dir='ltr'>corporum,</span> <span class='ocrx_word' id='word_1_38' title='bbox 1558 563 1665 605; x_wconf 85' lang='lat' dir='ltr'>quae</span> 
     </span>
     <span class='ocr_line' id='line_1_9' title="bbox 133 615 1663 674; baseline 0.001 -13"><span class='ocrx_word' id='word_1_39' title='bbox 133 620 238 661; x_wconf 90' lang='lat' dir='ltr'>fiunt</span> <span class='ocrx_word' id='word_1_40' title='bbox 280 620 321 660; x_wconf 90' lang='lat' dir='ltr'>in</span> <span class='ocrx_word' id='word_1_41' title='bbox 368 619 519 673; x_wconf 86' lang='lat' dir='ltr'>spiritu</span> <span class='ocrx_word' id='word_1_42' title='bbox 563 615 637 660; x_wconf 91' lang='lat' dir='ltr'>nec</span> <span class='ocrx_word' id='word_1_43' title='bbox 689 619 854 660; x_wconf 91' lang='lat' dir='ltr'>omnino</span> <span class='ocrx_word' id='word_1_44' title='bbox 907 623 1007 661; x_wconf 89' lang='lat' dir='ltr'>sunt</span> <span class='ocrx_word' id='word_1_45' title='bbox 1056 633 1244 674; x_wconf 86' lang='lat' dir='ltr'>corpora.</span> <span class='ocrx_word' id='word_1_46' title='bbox 1297 634 1391 662; x_wconf 90' lang='lat' dir='ltr'>cum</span> <span class='ocrx_word' id='word_1_47' title='bbox 1442 635 1542 663; x_wconf 91' lang='lat' dir='ltr'>uero</span> <span class='ocrx_word' id='word_1_48' title='bbox 1593 634 1663 664; x_wconf 93' lang='lat' dir='ltr'>eas</span> 
     </span>
     <span class='ocr_line' id='line_1_10' title="bbox 133 689 1663 746; baseline 0.001 -14"><span class='ocrx_word' id='word_1_49' title='bbox 133 694 343 745; x_wconf 87' lang='lat' dir='ltr'>coguntur</span> <span class='ocrx_word' id='word_1_50' title='bbox 379 690 547 739; x_wconf 80' lang='lat' dir='ltr'>intueri,</span> <span class='ocrx_word' id='word_1_51' title='bbox 587 690 621 731; x_wconf 93' lang='lat' dir='ltr'>si</span> <span class='ocrx_word' id='word_1_52' title='bbox 654 691 766 731; x_wconf 89' lang='lat' dir='ltr'>recte</span> <span class='ocrx_word' id='word_1_53' title='bbox 806 689 1066 732; x_wconf 88' lang='lat' dir='ltr'>aduerterint</span> <span class='ocrx_word' id='word_1_54' title='bbox 1103 694 1227 744; x_wconf 90' lang='lat' dir='ltr'>atque</span> <span class='ocrx_word' id='word_1_55' title='bbox 1267 692 1545 746; x_wconf 81' lang='lat' dir='ltr'>compererint</span> <span class='ocrx_word' id='word_1_56' title='bbox 1583 706 1663 734; x_wconf 92' lang='lat' dir='ltr'>non</span> 
     </span>
     <span class='ocr_line' id='line_1_11' title="bbox 132 760 1661 814; baseline 0.002 -12"><span class='ocrx_word' id='word_1_57' title='bbox 132 774 201 803; x_wconf 87' lang='lat' dir='ltr'>eas</span> <span class='ocrx_word' id='word_1_58' title='bbox 235 774 328 803; x_wconf 86' lang='lat' dir='ltr'>esse</span> <span class='ocrx_word' id='word_1_59' title='bbox 361 774 580 814; x_wconf 90' lang='lat' dir='ltr'>corporeas</span> <span class='ocrx_word' id='word_1_60' title='bbox 614 760 687 802; x_wconf 89' lang='lat' dir='ltr'>sed</span> <span class='ocrx_word' id='word_1_61' title='bbox 726 772 948 813; x_wconf 87' lang='lat' dir='ltr'>corporum</span> <span class='ocrx_word' id='word_1_62' title='bbox 988 761 1243 811; x_wconf 88' lang='lat' dir='ltr'>simillimas,</span> <span class='ocrx_word' id='word_1_63' title='bbox 1284 763 1490 804; x_wconf 88' lang='lat' dir='ltr'>rationem</span> <span class='ocrx_word' id='word_1_64' title='bbox 1522 766 1661 805; x_wconf 90' lang='lat' dir='ltr'>tamen</span> 
     </span>
     <span class='ocr_line' id='line_1_12' title="bbox 132 831 1661 887; baseline -0.001 -12"><span class='ocrx_word' id='word_1_65' title='bbox 132 834 182 875; x_wconf 90' lang='lat' dir='ltr'>de</span> <span class='ocrx_word' id='word_1_66' title='bbox 221 832 286 873; x_wconf 91' lang='lat' dir='ltr'>his</span> <span class='ocrx_word' id='word_1_67' title='bbox 326 845 404 874; x_wconf 89' lang='lat' dir='ltr'>non</span> <span class='ocrx_word' id='word_1_68' title='bbox 443 832 641 873; x_wconf 90' lang='lat' dir='ltr'>continuo</span> <span class='ocrx_word' id='word_1_69' title='bbox 681 832 824 873; x_wconf 88' lang='lat' dir='ltr'>ualent</span> <span class='ocrx_word' id='word_1_70' title='bbox 862 831 1046 882; x_wconf 85' lang='lat' dir='ltr'>reddere,</span> <span class='ocrx_word' id='word_1_71' title='bbox 1087 832 1239 885; x_wconf 91' lang='lat' dir='ltr'>quibus</span> <span class='ocrx_word' id='word_1_72' title='bbox 1280 833 1419 876; x_wconf 89' lang='lat' dir='ltr'>causis</span> <span class='ocrx_word' id='word_1_73' title='bbox 1459 836 1501 875; x_wconf 91' lang='lat' dir='ltr'>et</span> <span class='ocrx_word' id='word_1_74' title='bbox 1539 847 1661 887; x_wconf 90' lang='lat' dir='ltr'>quem</span> 
     </span>
     <span class='ocr_line' id='line_1_13' title="bbox 131 902 1662 956; baseline 0 -10"><span class='ocrx_word' id='word_1_75' title='bbox 131 905 181 946; x_wconf 86' lang='lat' dir='ltr'>ad</span> <span class='ocrx_word' id='word_1_76' title='bbox 220 903 393 946; x_wconf 89' lang='lat' dir='ltr'>modum</span> <span class='ocrx_word' id='word_1_77' title='bbox 433 903 546 953; x_wconf 82' lang='lat' dir='ltr'>fiant,</span> <span class='ocrx_word' id='word_1_78' title='bbox 593 916 675 956; x_wconf 91' lang='lat' dir='ltr'>qua</span> <span class='ocrx_word' id='word_1_79' title='bbox 714 902 894 956; x_wconf 89' lang='lat' dir='ltr'>denique</span> <span class='ocrx_word' id='word_1_80' title='bbox 933 906 1080 945; x_wconf 87' lang='lat' dir='ltr'>natura</span> <span class='ocrx_word' id='word_1_81' title='bbox 1120 917 1196 945; x_wconf 85' lang='lat' dir='ltr'>sua</span> <span class='ocrx_word' id='word_1_82' title='bbox 1240 904 1475 946; x_wconf 79' lang='lat' dir='ltr'>subsistant</span> <span class='ocrx_word' id='word_1_83' title='bbox 1512 905 1582 946; x_wconf 92' lang='lat' dir='ltr'>uel</span> <span class='ocrx_word' id='word_1_84' title='bbox 1619 906 1662 946; x_wconf 91' lang='lat' dir='ltr'>in</span> 
     </span>
     <span class='ocr_line' id='line_1_14' title="bbox 132 974 1663 1029; baseline 0.001 -13"><span class='ocrx_word' id='word_1_85' title='bbox 132 988 213 1029; x_wconf 90' lang='lat' dir='ltr'>quo</span> <span class='ocrx_word' id='word_1_86' title='bbox 247 975 436 1016; x_wconf 80' lang='lat' dir='ltr'>subiecto</span> <span class='ocrx_word' id='word_1_87' title='bbox 470 974 566 1022; x_wconf 77' lang='lat' dir='ltr'>sint,</span> <span class='ocrx_word' id='word_1_88' title='bbox 606 977 747 1015; x_wconf 91' lang='lat' dir='ltr'>utrum</span> <span class='ocrx_word' id='word_1_89' title='bbox 781 974 841 1015; x_wconf 87' lang='lat' dir='ltr'>ita</span> <span class='ocrx_word' id='word_1_90' title='bbox 871 974 912 1015; x_wconf 87' lang='lat' dir='ltr'>in</span> <span class='ocrx_word' id='word_1_91' title='bbox 947 975 1082 1016; x_wconf 87' lang='lat' dir='ltr'>animo</span> <span class='ocrx_word' id='word_1_92' title='bbox 1123 975 1224 1016; x_wconf 90' lang='lat' dir='ltr'>fiant</span> <span class='ocrx_word' id='word_1_93' title='bbox 1255 978 1303 1017; x_wconf 92' lang='lat' dir='ltr'>ut</span> <span class='ocrx_word' id='word_1_94' title='bbox 1340 975 1381 1017; x_wconf 91' lang='lat' dir='ltr'>in</span> <span class='ocrx_word' id='word_1_95' title='bbox 1421 977 1663 1018; x_wconf 87' lang='lat' dir='ltr'>membrana</span> 
     </span>
     <span class='ocr_line' id='line_1_15' title="bbox 131 1045 1663 1098; baseline 0.001 -11"><span class='ocrx_word' id='word_1_96' title='bbox 131 1060 177 1088; x_wconf 82' lang='lat' dir='ltr'>ex</span> <span class='ocrx_word' id='word_1_97' title='bbox 204 1049 435 1087; x_wconf 87' lang='lat' dir='ltr'>atramento</span> <span class='ocrx_word' id='word_1_98' title='bbox 468 1046 646 1096; x_wconf 80' lang='lat' dir='ltr'>litterae,</span> <span class='ocrx_word' id='word_1_99' title='bbox 681 1045 752 1087; x_wconf 90' lang='lat' dir='ltr'>ubi</span> <span class='ocrx_word' id='word_1_100' title='bbox 787 1048 963 1098; x_wconf 86' lang='lat' dir='ltr'>utraque</span> <span class='ocrx_word' id='word_1_101' title='bbox 997 1046 1237 1087; x_wconf 88' lang='lat' dir='ltr'>substantia</span> <span class='ocrx_word' id='word_1_102' title='bbox 1264 1048 1329 1087; x_wconf 86' lang='lat' dir='ltr'>est</span> <span class='ocrx_word' id='word_1_103' title='bbox 1355 1049 1397 1088; x_wconf 86' lang='lat' dir='ltr'>et</span> <span class='ocrx_word' id='word_1_104' title='bbox 1422 1047 1663 1088; x_wconf 88' lang='lat' dir='ltr'>membrana</span> 
     </span>
     <span class='ocr_line' id='line_1_16' title="bbox 131 1116 1662 1173; baseline 0.001 -15"><span class='ocrx_word' id='word_1_105' title='bbox 131 1117 295 1159; x_wconf 89' lang='lat' dir='ltr'>scilicet</span> <span class='ocrx_word' id='word_1_106' title='bbox 333 1120 375 1158; x_wconf 89' lang='lat' dir='ltr'>et</span> <span class='ocrx_word' id='word_1_107' title='bbox 413 1119 708 1165; x_wconf 83' lang='lat' dir='ltr'>atramentum,</span> <span class='ocrx_word' id='word_1_108' title='bbox 748 1129 798 1157; x_wconf 89' lang='lat' dir='ltr'>an</span> <span class='ocrx_word' id='word_1_109' title='bbox 838 1116 950 1157; x_wconf 88' lang='lat' dir='ltr'>sicut</span> <span class='ocrx_word' id='word_1_110' title='bbox 989 1116 1179 1170; x_wconf 90' lang='lat' dir='ltr'>sigillum</span> <span class='ocrx_word' id='word_1_111' title='bbox 1220 1117 1259 1158; x_wconf 92' lang='lat' dir='ltr'>in</span> <span class='ocrx_word' id='word_1_112' title='bbox 1295 1130 1389 1159; x_wconf 86' lang='lat' dir='ltr'>cera</span> <span class='ocrx_word' id='word_1_113' title='bbox 1426 1118 1497 1159; x_wconf 92' lang='lat' dir='ltr'>uel</span> <span class='ocrx_word' id='word_1_114' title='bbox 1529 1117 1662 1173; x_wconf 88' lang='lat' dir='ltr'>figura</span> 
     </span>
     <span class='ocr_line' id='line_1_17' title="bbox 130 1187 1660 1242; baseline 0.001 -14"><span class='ocrx_word' id='word_1_115' title='bbox 130 1188 356 1241; x_wconf 86' lang='lat' dir='ltr'>quaelibet,</span> <span class='ocrx_word' id='word_1_116' title='bbox 391 1188 459 1229; x_wconf 90' lang='lat' dir='ltr'>cui</span> <span class='ocrx_word' id='word_1_117' title='bbox 492 1200 585 1229; x_wconf 86' lang='lat' dir='ltr'>cera</span> <span class='ocrx_word' id='word_1_118' title='bbox 618 1187 856 1228; x_wconf 90' lang='lat' dir='ltr'>subiectum</span> <span class='ocrx_word' id='word_1_119' title='bbox 890 1189 968 1237; x_wconf 82' lang='lat' dir='ltr'>est,</span> <span class='ocrx_word' id='word_1_120' title='bbox 1000 1187 1073 1228; x_wconf 89' lang='lat' dir='ltr'>illa</span> <span class='ocrx_word' id='word_1_121' title='bbox 1098 1187 1138 1228; x_wconf 92' lang='lat' dir='ltr'>in</span> <span class='ocrx_word' id='word_1_122' title='bbox 1167 1187 1372 1238; x_wconf 83' lang='lat' dir='ltr'>subiecto,</span> <span class='ocrx_word' id='word_1_123' title='bbox 1406 1201 1455 1229; x_wconf 90' lang='lat' dir='ltr'>an</span> <span class='ocrx_word' id='word_1_124' title='bbox 1482 1192 1660 1242; x_wconf 89' lang='lat' dir='ltr'>utroque</span> 
     </span>
     <span class='ocr_line' id='line_1_18' title="bbox 129 1258 1658 1314; baseline 0.001 -14"><span class='ocrx_word' id='word_1_125' title='bbox 129 1259 252 1300; x_wconf 89' lang='lat' dir='ltr'>modo</span> <span class='ocrx_word' id='word_1_126' title='bbox 298 1258 398 1300; x_wconf 88' lang='lat' dir='ltr'>fiant</span> <span class='ocrx_word' id='word_1_127' title='bbox 448 1258 530 1299; x_wconf 87' lang='lat' dir='ltr'>ista</span> <span class='ocrx_word' id='word_1_128' title='bbox 572 1258 613 1299; x_wconf 91' lang='lat' dir='ltr'>in</span> <span class='ocrx_word' id='word_1_129' title='bbox 661 1259 811 1312; x_wconf 87' lang='lat' dir='ltr'>spiritu</span> <span class='ocrx_word' id='word_1_130' title='bbox 864 1261 1007 1299; x_wconf 87' lang='lat' dir='ltr'>nostro</span> <span class='ocrx_word' id='word_1_131' title='bbox 1059 1258 1283 1311; x_wconf 87' lang='lat' dir='ltr'>aliquando</span> <span class='ocrx_word' id='word_1_132' title='bbox 1330 1259 1390 1301; x_wconf 92' lang='lat' dir='ltr'>sic</span> <span class='ocrx_word' id='word_1_133' title='bbox 1435 1259 1658 1314; x_wconf 86' lang='lat' dir='ltr'>aliquando</span> 
     </span>
     <span class='ocr_line' id='line_1_19' title="bbox 130 1330 603 1385; baseline 0 -14"><span class='ocrx_word' id='word_1_134' title='bbox 130 1333 270 1371; x_wconf 80' lang='lat' dir='ltr'>autem</span> <span class='ocrx_word' id='word_1_135' title='bbox 298 1330 372 1372; x_wconf 90' lang='lat' dir='ltr'>sic.</span> <span class='ocrx_word' id='word_1_136' title='bbox 601 1383 603 1385; x_wconf 27' lang='grc'><strong>,</strong></span> 
     </span>
    </p>

    <p class='ocr_par' dir='ltr' id='par_1_6' title="bbox 127 1401 1660 1882">
     <span class='ocr_line' id='line_1_20' title="bbox 189 1401 1660 1455; baseline 0 -13"><span class='ocrx_word' id='word_1_137' title='bbox 189 1401 334 1442; x_wconf 81' lang='lat' dir='ltr'>Mouet</span> <span class='ocrx_word' id='word_1_138' title='bbox 379 1401 487 1442; x_wconf 92' lang='lat' dir='ltr'>enim</span> <span class='ocrx_word' id='word_1_139' title='bbox 528 1412 606 1441; x_wconf 92' lang='lat' dir='ltr'>non</span> <span class='ocrx_word' id='word_1_140' title='bbox 647 1401 799 1449; x_wconf 74' lang='lat' dir='ltr'>solum,</span> <span class='ocrx_word' id='word_1_141' title='bbox 839 1403 887 1441; x_wconf 87' lang='lat' dir='ltr'>ut</span> <span class='ocrx_word' id='word_1_142' title='bbox 925 1401 1162 1455; x_wconf 85' lang='lat' dir='ltr'>cogitemus</span> <span class='ocrx_word' id='word_1_143' title='bbox 1202 1414 1263 1452; x_wconf 87' lang='lat' dir='ltr'>ea,</span> <span class='ocrx_word' id='word_1_144' title='bbox 1308 1414 1413 1455; x_wconf 86' lang='lat' dir='ltr'>quae</span> <span class='ocrx_word' id='word_1_145' title='bbox 1452 1401 1605 1442; x_wconf 85' lang='lat' dir='ltr'>absunt</span> <span class='ocrx_word' id='word_1_146' title='bbox 1637 1414 1660 1442; x_wconf 90' lang='lat' dir='ltr'>a</span> 
     </span>
     <span class='ocr_line' id='line_1_21' title="bbox 130 1472 1659 1526; baseline 0 -12"><span class='ocrx_word' id='word_1_147' title='bbox 130 1473 324 1514; x_wconf 88' lang='lat' dir='ltr'>sensibus</span> <span class='ocrx_word' id='word_1_148' title='bbox 358 1472 543 1526; x_wconf 90' lang='lat' dir='ltr'>corporis</span> <span class='ocrx_word' id='word_1_149' title='bbox 584 1474 626 1513; x_wconf 89' lang='lat' dir='ltr'>et</span> <span class='ocrx_word' id='word_1_150' title='bbox 657 1472 698 1512; x_wconf 91' lang='lat' dir='ltr'>in</span> <span class='ocrx_word' id='word_1_151' title='bbox 732 1474 876 1513; x_wconf 76' lang='lat' dir='ltr'>nostra</span> <span class='ocrx_word' id='word_1_152' title='bbox 914 1472 1181 1525; x_wconf 88' lang='lat' dir='ltr'>reperiuntur</span> <span class='ocrx_word' id='word_1_153' title='bbox 1217 1473 1420 1513; x_wconf 85' lang='lat' dir='ltr'>memoria</span> <span class='ocrx_word' id='word_1_154' title='bbox 1452 1473 1522 1513; x_wconf 89' lang='lat' dir='ltr'>uel</span> <span class='ocrx_word' id='word_1_155' title='bbox 1554 1485 1659 1525; x_wconf 89' lang='lat' dir='ltr'>quae</span> 
     </span>
     <span class='ocr_line' id='line_1_22' title="bbox 127 1542 1656 1598; baseline 0 -13"><span class='ocrx_word' id='word_1_156' title='bbox 127 1557 202 1586; x_wconf 91' lang='lat' dir='ltr'>nos</span> <span class='ocrx_word' id='word_1_157' title='bbox 252 1544 347 1596; x_wconf 89' lang='lat' dir='ltr'>ipsi,</span> <span class='ocrx_word' id='word_1_158' title='bbox 399 1549 445 1584; x_wconf 89' lang='lat' dir='ltr'>ut</span> <span class='ocrx_word' id='word_1_159' title='bbox 495 1543 664 1583; x_wconf 88' lang='lat' dir='ltr'>libitum</span> <span class='ocrx_word' id='word_1_160' title='bbox 717 1545 794 1585; x_wconf 82' lang='lat' dir='ltr'>est.</span> <span class='ocrx_word' id='word_1_161' title='bbox 852 1542 1046 1592; x_wconf 85' lang='lat' dir='ltr'>facimus,</span> <span class='ocrx_word' id='word_1_162' title='bbox 1105 1542 1385 1596; x_wconf 68' lang='lat' dir='ltr'>disponimus,</span> <span class='ocrx_word' id='word_1_163' title='bbox 1436 1556 1656 1598; x_wconf 83' lang='lat' dir='ltr'>augemus,</span> 
     </span>
     <span class='ocr_line' id='line_1_23' title="bbox 127 1614 1657 1668; baseline 0.001 -13"><span class='ocrx_word' id='word_1_164' title='bbox 127 1615 372 1664; x_wconf 87' lang='lat' dir='ltr'>minuimus,</span> <span class='ocrx_word' id='word_1_165' title='bbox 419 1615 517 1656; x_wconf 87' lang='lat' dir='ltr'>situ.</span> <span class='ocrx_word' id='word_1_166' title='bbox 563 1614 725 1664; x_wconf 85' lang='lat' dir='ltr'>habitu,</span> <span class='ocrx_word' id='word_1_167' title='bbox 771 1616 903 1655; x_wconf 89' lang='lat' dir='ltr'>motu.</span> <span class='ocrx_word' id='word_1_168' title='bbox 955 1614 1332 1656; x_wconf 84' lang='lat' dir='ltr'>innumerabilibus</span> <span class='ocrx_word' id='word_1_169' title='bbox 1379 1615 1657 1668; x_wconf 89' lang='lat' dir='ltr'>qualitatibus</span> 
     </span>
     <span class='ocr_line' id='line_1_24' title="bbox 128 1676 1657 1739; baseline 0.001 -12"><span class='ocrx_word' id='word_1_170' title='bbox 128 1686 356 1739; x_wconf 88' lang='lat' dir='ltr'>formisque</span> <span class='ocrx_word' id='word_1_171' title='bbox 395 1686 622 1734; x_wconf 81' lang='lat' dir='ltr'>uariamus,</span> <span class='ocrx_word' id='word_1_172' title='bbox 661 1676 804 1738; x_wconf 82' lang='lat' dir='ltr'>‘qualia</span> <span class='ocrx_word' id='word_1_173' title='bbox 842 1687 941 1726; x_wconf 89' lang='lat' dir='ltr'>sunt</span> <span class='ocrx_word' id='word_1_174' title='bbox 978 1685 1171 1727; x_wconf 83' lang='lat' dir='ltr'>fortassis</span> <span class='ocrx_word' id='word_1_175' title='bbox 1212 1686 1338 1727; x_wconf 90' lang='lat' dir='ltr'>etiam</span> <span class='ocrx_word' id='word_1_176' title='bbox 1376 1686 1462 1736; x_wconf 88' lang='lat' dir='ltr'>illa,</span> <span class='ocrx_word' id='word_1_177' title='bbox 1503 1686 1657 1739; x_wconf 89' lang='lat' dir='ltr'>quibus</span> 
     </span>
     <span class='ocr_line' id='line_1_25' title="bbox 128 1755 1657 1809; baseline 0 -11"><span class='ocrx_word' id='word_1_178' title='bbox 128 1757 367 1798; x_wconf 84' lang='lat' dir='ltr'>deludimur</span> <span class='ocrx_word' id='word_1_179' title='bbox 398 1757 666 1798; x_wconf 86' lang='lat' dir='ltr'>dormientes.</span> <span class='ocrx_word' id='word_1_180' title='bbox 707 1755 871 1809; x_wconf 83' lang='lat' dir='ltr'>quando</span> <span class='ocrx_word' id='word_1_181' title='bbox 904 1769 984 1797; x_wconf 89' lang='lat' dir='ltr'>non</span> <span class='ocrx_word' id='word_1_182' title='bbox 1018 1756 1224 1798; x_wconf 89' lang='lat' dir='ltr'>diuinitus</span> <span class='ocrx_word' id='word_1_183' title='bbox 1257 1757 1543 1807; x_wconf 89' lang='lat' dir='ltr'>admonemur,</span> <span class='ocrx_word' id='word_1_184' title='bbox 1576 1756 1657 1798; x_wconf 89' lang='lat' dir='ltr'>nisi</span> 
     </span>
     <span class='ocr_line' id='line_1_26' title="bbox 128 1827 1654 1882; baseline -0.001 -12"><span class='ocrx_word' id='word_1_185' title='bbox 128 1828 238 1882; x_wconf 88' lang='lat' dir='ltr'>quod</span> <span class='ocrx_word' id='word_1_186' title='bbox 282 1829 382 1869; x_wconf 86' lang='lat' dir='ltr'>haec</span> <span class='ocrx_word' id='word_1_187' title='bbox 428 1828 618 1869; x_wconf 90' lang='lat' dir='ltr'>uolentes</span> <span class='ocrx_word' id='word_1_188' title='bbox 664 1828 844 1881; x_wconf 86' lang='lat' dir='ltr'>agimus,</span> <span class='ocrx_word' id='word_1_189' title='bbox 891 1827 963 1868; x_wconf 85' lang='lat' dir='ltr'>illa</span> <span class='ocrx_word' id='word_1_190' title='bbox 1002 1830 1167 1881; x_wconf 84' lang='lat' dir='ltr'>praeter</span> <span class='ocrx_word' id='word_1_191' title='bbox 1198 1828 1417 1869; x_wconf 82' lang='lat' dir='ltr'>arbitrium</span> <span class='ocrx_word' id='word_1_192' title='bbox 1451 1828 1654 1882; x_wconf 86' lang='lat' dir='ltr'>patimur;</span> 
     </span>
    </p>
   </div>
   <div class='ocr_carea' id='block_1_6' title="bbox 124 1977 1657 2848">
    <p class='ocr_par' dir='ltr' id='par_1_7' title="bbox 124 1977 1657 2734">
     <span class='ocr_line' id='line_1_27' title="bbox 176 1977 1654 2023; baseline -0.001 -9"><span class='ocrx_word' id='word_1_193' title='bbox 176 1981 190 2014; x_wconf 91' lang='grc'>1</span> <span class='ocrx_word' id='word_1_194' title='bbox 220 1979 302 2023; x_wconf 83' lang='lat' dir='ltr'>nisi]</span> <span class='ocrx_word' id='word_1_195' title='bbox 329 1979 396 2012; x_wconf 86' lang='lat' dir='ltr'>nisi</span> <span class='ocrx_word' id='word_1_196' title='bbox 422 1990 466 2013; x_wconf 91' lang='lat' dir='ltr'>ne</span> <span class='ocrx_word' id='word_1_197' title='bbox 492 1977 541 2012; x_wconf 58' lang='grc' dir='ltr'>Ρ)</span> <span class='ocrx_word' id='word_1_198' title='bbox 662 1978 830 2012; x_wconf 82' lang='lat' dir='ltr'>uideatur</span> <span class='ocrx_word' id='word_1_199' title='bbox 856 1982 891 2020; x_wconf 89' lang='lat' dir='ltr'>(a</span> <span class='ocrx_word' id='word_1_200' title='bbox 916 1983 1009 2022; x_wconf 71' lang='lat' dir='ltr'>exp.)</span> <span class='ocrx_word' id='word_1_201' title='bbox 1037 1977 1119 2013; x_wconf 87' lang='lat' dir='ltr'>P¹S</span> <span class='ocrx_word' id='word_1_202' title='bbox 1142 1977 1286 2012; x_wconf 89' lang='lat' dir='ltr'>uidetur</span> <span class='ocrx_word' id='word_1_203' title='bbox 1312 1978 1404 2012; x_wconf 82' lang='lat' dir='ltr'>lrm</span> <span class='ocrx_word' id='word_1_204' title='bbox 1526 1978 1547 2012; x_wconf 87' lang='lat'>2</span> <span class='ocrx_word' id='word_1_205' title='bbox 1574 1979 1654 2019; x_wconf 82' lang='lat' dir='ltr'>iste,</span> 
     </span>
     <span class='ocr_line' id='line_1_28' title="bbox 125 2036 1656 2083; baseline -0.001 -10"><span class='ocrx_word' id='word_1_206' title='bbox 125 2051 168 2075; x_wconf 83' lang='lat' dir='ltr'>m.</span> <span class='ocrx_word' id='word_1_207' title='bbox 197 2041 216 2072; x_wconf 93' lang='lat'><strong><em>1</em></strong></span> <span class='ocrx_word' id='word_1_208' title='bbox 241 2049 331 2073; x_wconf 77' lang='lat' dir='ltr'>corr.</span> <span class='ocrx_word' id='word_1_209' title='bbox 358 2040 428 2072; x_wconf 87' lang='lat' dir='ltr'>ista</span> <span class='ocrx_word' id='word_1_210' title='bbox 455 2037 500 2071; x_wconf 92' lang='lat' dir='ltr'>P¹</span> <span class='ocrx_word' id='word_1_211' title='bbox 588 2038 747 2082; x_wconf 84' lang='lat' dir='ltr'>prauitas</span> <span class='ocrx_word' id='word_1_212' title='bbox 774 2038 875 2083; x_wconf 89' lang='lat' dir='ltr'>(prau</span> <span class='ocrx_word' id='word_1_213' title='bbox 903 2049 946 2072; x_wconf 83' lang='lat' dir='ltr'>ex</span> <span class='ocrx_word' id='word_1_214' title='bbox 971 2048 1073 2081; x_wconf 61' lang='lat' dir='ltr'>corr„</span> <span class='ocrx_word' id='word_1_215' title='bbox 1092 2038 1214 2081; x_wconf 80' lang='lat' dir='ltr'>fuisse</span> <span class='ocrx_word' id='word_1_216' title='bbox 1240 2037 1314 2071; x_wconf 78' lang='lat' dir='ltr'>uid.</span> <span class='ocrx_word' id='word_1_217' title='bbox 1340 2036 1435 2077; x_wconf 84' lang='lat' dir='ltr'>trad)</span> <span class='ocrx_word' id='word_1_218' title='bbox 1468 2037 1500 2071; x_wconf 91' lang='lat' dir='ltr'><strong><em>V</em></strong></span> <span class='ocrx_word' id='word_1_219' title='bbox 1558 2038 1579 2071; x_wconf 88' lang='lat'><strong>3</strong></span> <span class='ocrx_word' id='word_1_220' title='bbox 1600 2040 1656 2071; x_wconf 87' lang='lat' dir='ltr'>est</span> 
     </span>
     <span class='ocr_line' id='line_1_29' title="bbox 125 2096 1656 2143; baseline -0.001 -11"><span class='ocrx_word' id='word_1_221' title='bbox 125 2109 191 2132; x_wconf 83' lang='lat' dir='ltr'>om.</span> <span class='ocrx_word' id='word_1_222' title='bbox 220 2096 463 2132; x_wconf 73' lang='lat' dir='ltr'><strong><em>PP¹SVHP1=</em></strong></span> <span class='ocrx_word' id='word_1_223' title='bbox 560 2097 743 2140; x_wconf 86' lang='lat' dir='ltr'>quoniam]</span> <span class='ocrx_word' id='word_1_224' title='bbox 772 2108 841 2141; x_wconf 87' lang='lat' dir='ltr'>quo</span> <span class='ocrx_word' id='word_1_225' title='bbox 866 2096 917 2130; x_wconf 76' lang='lat'>122</span> <span class='ocrx_word' id='word_1_226' title='bbox 1001 2099 1022 2132; x_wconf 83' lang='lat'>5</span> <span class='ocrx_word' id='word_1_227' title='bbox 1049 2108 1217 2143; x_wconf 74' lang='lat' dir='ltr'>corporee</span> <span class='ocrx_word' id='word_1_228' title='bbox 1243 2096 1293 2130; x_wconf 82' lang='lat' dir='ltr'>P2</span> <span class='ocrx_word' id='word_1_229' title='bbox 1378 2098 1399 2130; x_wconf 88' lang='grc'><strong>6</strong></span> <span class='ocrx_word' id='word_1_230' title='bbox 1426 2096 1656 2141; x_wconf 88' lang='lat' dir='ltr'>conceperint</span> 
     </span>
     <span class='ocr_line' id='line_1_30' title="bbox 125 2154 1655 2201; baseline -0.001 -10"><span class='ocrx_word' id='word_1_231' title='bbox 125 2156 175 2191; x_wconf 77' lang='lat' dir='ltr'>P2</span> <span class='ocrx_word' id='word_1_232' title='bbox 200 2161 392 2201; x_wconf 79' lang='lat' dir='ltr'>conspexei·</span> <span class='ocrx_word' id='word_1_233' title='bbox 428 2156 460 2189; x_wconf 89' lang='lat' dir='ltr'><strong><em>V</em></strong></span> <span class='ocrx_word' id='word_1_234' title='bbox 556 2157 574 2189; x_wconf 82' lang='lat'><strong>7</strong></span> <span class='ocrx_word' id='word_1_235' title='bbox 604 2159 699 2190; x_wconf 80' lang='lat' dir='ltr'>esset</span> <span class='ocrx_word' id='word_1_236' title='bbox 725 2158 756 2198; x_wconf 82' lang='lat' dir='ltr'>(t</span> <span class='ocrx_word' id='word_1_237' title='bbox 782 2158 875 2200; x_wconf 77' lang='lat' dir='ltr'>exp.)</span> <span class='ocrx_word' id='word_1_238' title='bbox 902 2155 950 2189; x_wconf 77' lang='grc' dir='ltr'>Ρ1</span> <span class='ocrx_word' id='word_1_239' title='bbox 1027 2156 1069 2190; x_wconf 88' lang='grc'>10</span> <span class='ocrx_word' id='word_1_240' title='bbox 1096 2156 1268 2195; x_wconf 81' lang='lat' dir='ltr'>subiecte,</span> <span class='ocrx_word' id='word_1_241' title='bbox 1295 2167 1339 2190; x_wconf 85' lang='lat' dir='ltr'>m.</span> <span class='ocrx_word' id='word_1_242' title='bbox 1367 2158 1393 2190; x_wconf 84' lang='lat'><strong><em>2</em></strong></span> <span class='ocrx_word' id='word_1_243' title='bbox 1419 2155 1579 2189; x_wconf 81' lang='lat' dir='ltr'>subiecto</span> <span class='ocrx_word' id='word_1_244' title='bbox 1606 2154 1655 2189; x_wconf 89' lang='lat' dir='ltr'>P¹</span> 
     </span>
     <span class='ocr_line' id='line_1_31' title="bbox 128 2212 1654 2260; baseline -0.003 -9"><span class='ocrx_word' id='word_1_245' title='bbox 128 2217 167 2251; x_wconf 93' lang='grc'>11</span> <span class='ocrx_word' id='word_1_246' title='bbox 209 2218 262 2260; x_wconf 86' lang='lat' dir='ltr'>ex]</span> <span class='ocrx_word' id='word_1_247' title='bbox 303 2220 339 2251; x_wconf 88' lang='lat' dir='ltr'>et</span> <span class='ocrx_word' id='word_1_248' title='bbox 372 2215 405 2249; x_wconf 90' lang='lat' dir='ltr'><em>V</em></span> <span class='ocrx_word' id='word_1_249' title='bbox 525 2218 560 2249; x_wconf 86' lang='lat' dir='ltr'>et</span> <span class='ocrx_word' id='word_1_250' title='bbox 598 2226 664 2249; x_wconf 89' lang='lat' dir='ltr'>om.</span> <span class='ocrx_word' id='word_1_251' title='bbox 706 2215 784 2250; x_wconf 81' lang='lat' dir='ltr'>edd.</span> <span class='ocrx_word' id='word_1_252' title='bbox 818 2218 967 2259; x_wconf 75' lang='lat' dir='ltr'>praeter</span> <span class='ocrx_word' id='word_1_253' title='bbox 1002 2227 1025 2249; x_wconf 85' lang='grc' dir='ltr'><em>α</em></span> <span class='ocrx_word' id='word_1_254' title='bbox 1150 2215 1192 2249; x_wconf 89' lang='grc'>13</span> <span class='ocrx_word' id='word_1_255' title='bbox 1232 2215 1429 2260; x_wconf 84' lang='lat' dir='ltr'>quaelibet,</span> <span class='ocrx_word' id='word_1_256' title='bbox 1466 2225 1509 2248; x_wconf 87' lang='lat' dir='ltr'>m.</span> <span class='ocrx_word' id='word_1_257' title='bbox 1551 2217 1569 2247; x_wconf 92' lang='lat'><em>1</em></span> <span class='ocrx_word' id='word_1_258' title='bbox 1606 2212 1654 2258; x_wconf 79' lang='lat'>(?)</span> 
     </span>
     <span class='ocr_line' id='line_1_32' title="bbox 125 2272 1657 2320; baseline -0.002 -10"><span class='ocrx_word' id='word_1_259' title='bbox 125 2287 215 2311; x_wconf 87' lang='lat' dir='ltr'>corr.</span> <span class='ocrx_word' id='word_1_260' title='bbox 243 2276 396 2320; x_wconf 87' lang='lat' dir='ltr'>quilibet</span> <span class='ocrx_word' id='word_1_261' title='bbox 422 2274 471 2308; x_wconf 73' lang='lat' dir='ltr'>P&#39;2</span> <span class='ocrx_word' id='word_1_262' title='bbox 657 2274 869 2316; x_wconf 84' lang='lat' dir='ltr'>subiectum,</span> <span class='ocrx_word' id='word_1_263' title='bbox 904 2286 947 2310; x_wconf 92' lang='lat' dir='ltr'>m.</span> <span class='ocrx_word' id='word_1_264' title='bbox 976 2277 1002 2308; x_wconf 79' lang='lat'><em>2</em></span> <span class='ocrx_word' id='word_1_265' title='bbox 1034 2275 1198 2309; x_wconf 84' lang='lat' dir='ltr'>subiecta</span> <span class='ocrx_word' id='word_1_266' title='bbox 1223 2274 1259 2308; x_wconf 91' lang='lat' dir='ltr'><strong><em>P</em></strong></span> <span class='ocrx_word' id='word_1_267' title='bbox 1450 2274 1509 2317; x_wconf 83' lang='lat' dir='ltr'>an]</span> <span class='ocrx_word' id='word_1_268' title='bbox 1542 2274 1577 2307; x_wconf 89' lang='lat' dir='ltr'>iu</span> <span class='ocrx_word' id='word_1_269' title='bbox 1605 2272 1657 2307; x_wconf 74' lang='lat'>1³²</span> 
     </span>
     <span class='ocr_line' id='line_1_33' title="bbox 129 2332 1653 2376; baseline -0.003 -7"><span class='ocrx_word' id='word_1_270' title='bbox 129 2336 171 2370; x_wconf 89' lang='grc'>16</span> <span class='ocrx_word' id='word_1_271' title='bbox 197 2336 344 2368; x_wconf 86' lang='lat' dir='ltr'>mouent</span> <span class='ocrx_word' id='word_1_272' title='bbox 368 2332 578 2368; x_wconf 78' lang='lat' dir='ltr'><strong>PP¹SHP³</strong></span> <span class='ocrx_word' id='word_1_273' title='bbox 604 2332 683 2366; x_wconf 79' lang='lat' dir='ltr'>edd.</span> <span class='ocrx_word' id='word_1_274' title='bbox 712 2336 911 2372; x_wconf 81' lang='lat' dir='ltr'>mouentur,</span> <span class='ocrx_word' id='word_1_275' title='bbox 938 2343 982 2366; x_wconf 87' lang='lat' dir='ltr'>m.</span> <span class='ocrx_word' id='word_1_276' title='bbox 1011 2334 1036 2366; x_wconf 79' lang='lat'><em>2</em></span> <span class='ocrx_word' id='word_1_277' title='bbox 1063 2343 1248 2367; x_wconf 85' lang='lat' dir='ltr'>monemur</span> <span class='ocrx_word' id='word_1_278' title='bbox 1280 2332 1314 2366; x_wconf 92' lang='lat' dir='ltr'><strong><em>V</em></strong></span> <span class='ocrx_word' id='word_1_279' title='bbox 1384 2334 1426 2365; x_wconf 88' lang='lat' dir='ltr'>ut</span> <span class='ocrx_word' id='word_1_280' title='bbox 1452 2332 1653 2376; x_wconf 85' lang='lat' dir='ltr'>cogitemus</span> 
     </span>
     <span class='ocr_line' id='line_1_34' title="bbox 126 2390 1654 2437; baseline -0.003 -8"><span class='ocrx_word' id='word_1_281' title='bbox 126 2405 191 2430; x_wconf 67' lang='lat' dir='ltr'>orn.</span> <span class='ocrx_word' id='word_1_282' title='bbox 218 2393 304 2428; x_wconf 73' lang='grc' dir='ltr'>ΡΙ)3</span> <span class='ocrx_word' id='word_1_283' title='bbox 330 2404 432 2427; x_wconf 82' lang='lat' dir='ltr'>aem</span> <span class='ocrx_word' id='word_1_284' title='bbox 457 2393 657 2437; x_wconf 81' lang='lat' dir='ltr'>cogitemus</span> <span class='ocrx_word' id='word_1_285' title='bbox 684 2394 765 2434; x_wconf 88' lang='lat' dir='ltr'>(om.</span> <span class='ocrx_word' id='word_1_286' title='bbox 793 2394 847 2435; x_wconf 87' lang='lat' dir='ltr'>ut)</span> <span class='ocrx_word' id='word_1_287' title='bbox 873 2391 923 2425; x_wconf 70' lang='lat'>12¹</span> <span class='ocrx_word' id='word_1_288' title='bbox 949 2394 1007 2435; x_wconf 86' lang='lat' dir='ltr'>(m.</span> <span class='ocrx_word' id='word_1_289' title='bbox 1035 2394 1060 2426; x_wconf 83' lang='lat'><em>2</em></span> <span class='ocrx_word' id='word_1_290' title='bbox 1086 2394 1127 2426; x_wconf 83' lang='lat' dir='ltr'>ut</span> <span class='ocrx_word' id='word_1_291' title='bbox 1152 2392 1366 2437; x_wconf 81' lang='lat' dir='ltr'>cogitemus)</span> <span class='ocrx_word' id='word_1_292' title='bbox 1392 2390 1475 2425; x_wconf 83' lang='lat' dir='ltr'>P2S</span> <span class='ocrx_word' id='word_1_293' title='bbox 1499 2398 1556 2432; x_wconf 77' lang='lat' dir='ltr'>(m.</span> <span class='ocrx_word' id='word_1_294' title='bbox 1587 2394 1605 2424; x_wconf 94' lang='lat'><em>1</em></span> <span class='ocrx_word' id='word_1_295' title='bbox 1634 2390 1654 2424; x_wconf 79' lang='lat'><em>?</em></span> 
     </span>
     <span class='ocr_line' id='line_1_35' title="bbox 126 2450 1651 2497; baseline -0.003 -9"><span class='ocrx_word' id='word_1_296' title='bbox 126 2464 215 2488; x_wconf 82' lang='lat' dir='ltr'>corr.</span> <span class='ocrx_word' id='word_1_297' title='bbox 243 2453 272 2487; x_wconf 89' lang='lat' dir='ltr'>si</span> <span class='ocrx_word' id='word_1_298' title='bbox 299 2452 511 2497; x_wconf 87' lang='lat' dir='ltr'>cogitemus)</span> <span class='ocrx_word' id='word_1_299' title='bbox 544 2451 577 2484; x_wconf 94' lang='lat' dir='ltr'><strong><em>V</em></strong></span> <span class='ocrx_word' id='word_1_300' title='bbox 598 2452 656 2495; x_wconf 70' lang='lat' dir='ltr'>(m.</span> <span class='ocrx_word' id='word_1_301' title='bbox 686 2453 711 2484; x_wconf 80' lang='lat'><em>2</em></span> <span class='ocrx_word' id='word_1_302' title='bbox 737 2450 756 2484; x_wconf 77' lang='lat'>.9</span> <span class='ocrx_word' id='word_1_303' title='bbox 783 2454 822 2484; x_wconf 85' lang='lat' dir='ltr'>ut</span> <span class='ocrx_word' id='word_1_304' title='bbox 848 2451 1062 2495; x_wconf 86' lang='lat' dir='ltr'>cogitemus)</span> <span class='ocrx_word' id='word_1_305' title='bbox 1090 2450 1130 2484; x_wconf 90' lang='lat' dir='ltr'><em>H</em></span> <span class='ocrx_word' id='word_1_306' title='bbox 1206 2451 1247 2485; x_wconf 90' lang='lat'>17</span> <span class='ocrx_word' id='word_1_307' title='bbox 1275 2450 1447 2484; x_wconf 88' lang='lat' dir='ltr'>memoria</span> <span class='ocrx_word' id='word_1_308' title='bbox 1472 2460 1551 2483; x_wconf 86' lang='lat' dir='ltr'>cum</span> <span class='ocrx_word' id='word_1_309' title='bbox 1578 2460 1651 2483; x_wconf 79' lang='lat' dir='ltr'>ras.</span> 
     </span>
     <span class='ocr_line' id='line_1_36' title="bbox 124 2508 1651 2557; baseline -0.003 -11"><span class='ocrx_word' id='word_1_310' title='bbox 124 2523 232 2557; x_wconf 78' lang='lat' dir='ltr'>super</span> <span class='ocrx_word' id='word_1_311' title='bbox 257 2524 276 2546; x_wconf 87' lang='lat' dir='ltr'>a</span> <span class='ocrx_word' id='word_1_312' title='bbox 310 2511 342 2545; x_wconf 92' lang='lat' dir='ltr'><strong><em>V</em></strong></span> <span class='ocrx_word' id='word_1_313' title='bbox 413 2511 470 2545; x_wconf 90' lang='lat' dir='ltr'>uel</span> <span class='ocrx_word' id='word_1_314' title='bbox 498 2511 603 2555; x_wconf 82' lang='lat' dir='ltr'>quae]</span> <span class='ocrx_word' id='word_1_315' title='bbox 630 2509 692 2543; x_wconf 87' lang='lat' dir='ltr'>sed</span> <span class='ocrx_word' id='word_1_316' title='bbox 720 2520 798 2544; x_wconf 90' lang='lat' dir='ltr'>cum</span> <span class='ocrx_word' id='word_1_317' title='bbox 825 2521 867 2544; x_wconf 65' lang='lat' dir='ltr'>ea:</span> <span class='ocrx_word' id='word_1_318' title='bbox 892 2520 1000 2551; x_wconf 81' lang='lat' dir='ltr'>corr.,·</span> <span class='ocrx_word' id='word_1_319' title='bbox 1017 2511 1183 2554; x_wconf 71' lang='lat' dir='ltr'>sortasse</span> <span class='ocrx_word' id='word_1_320' title='bbox 1198 2510 1281 2554; x_wconf 81' lang='lat' dir='ltr'>fuit</span> <span class='ocrx_word' id='word_1_321' title='bbox 1304 2510 1320 2543; x_wconf 71' lang='lat' dir='ltr'>l</span> <span class='ocrx_word' id='word_1_322' title='bbox 1347 2520 1414 2554; x_wconf 85' lang='lat' dir='ltr'>que</span> <span class='ocrx_word' id='word_1_323' title='bbox 1447 2508 1479 2542; x_wconf 90' lang='lat' dir='ltr'><strong><em>V</em></strong></span> <span class='ocrx_word' id='word_1_324' title='bbox 1529 2508 1571 2542; x_wconf 80' lang='lat'>18</span> <span class='ocrx_word' id='word_1_325' title='bbox 1598 2508 1651 2542; x_wconf 83' lang='lat' dir='ltr'>fa—</span> 
     </span>
     <span class='ocr_line' id='line_1_37' title="bbox 126 2567 1652 2614; baseline -0.003 -8"><span class='ocrx_word' id='word_1_326' title='bbox 126 2571 236 2606; x_wconf 87' lang='lat' dir='ltr'>cimus</span> <span class='ocrx_word' id='word_1_327' title='bbox 268 2582 347 2606; x_wconf 81' lang='lat' dir='ltr'>cum</span> <span class='ocrx_word' id='word_1_328' title='bbox 373 2581 503 2614; x_wconf 77' lang='lat' dir='ltr'>parua</span> <span class='ocrx_word' id='word_1_329' title='bbox 535 2580 607 2603; x_wconf 84' lang='lat' dir='ltr'>ras.</span> <span class='ocrx_word' id='word_1_330' title='bbox 640 2580 749 2613; x_wconf 77' lang='lat' dir='ltr'>super</span> <span class='ocrx_word' id='word_1_331' title='bbox 780 2569 791 2602; x_wconf 93' lang='lat' dir='ltr'>i</span> <span class='ocrx_word' id='word_1_332' title='bbox 823 2568 873 2602; x_wconf 77' lang='lat'>12²</span> <span class='ocrx_word' id='word_1_333' title='bbox 904 2568 1072 2603; x_wconf 67' lang='lat' dir='ltr'>faci-mus</span> <span class='ocrx_word' id='word_1_334' title='bbox 1111 2568 1144 2602; x_wconf 91' lang='lat' dir='ltr'><strong><em>V</em></strong></span> <span class='ocrx_word' id='word_1_335' title='bbox 1172 2568 1344 2603; x_wconf 83' lang='lat' dir='ltr'>faciamus</span> <span class='ocrx_word' id='word_1_336' title='bbox 1377 2567 1458 2601; x_wconf 81' lang='grc' dir='ltr'>ΡΡι</span> <span class='ocrx_word' id='word_1_337' title='bbox 1493 2570 1604 2610; x_wconf 75' lang='lat' dir='ltr'>(post.</span> <span class='ocrx_word' id='word_1_338' title='bbox 1631 2577 1652 2601; x_wconf 81' lang='lat' dir='ltr'>a</span> 
     </span>
     <span class='ocr_line' id='line_1_38' title="bbox 126 2625 1651 2674; baseline -0.004 -9"><span class='ocrx_word' id='word_1_339' title='bbox 126 2632 218 2674; x_wconf 74' lang='lat' dir='ltr'>exp.)</span> <span class='ocrx_word' id='word_1_340' title='bbox 243 2629 274 2665; x_wconf 79' lang='lat' dir='ltr'><strong><em>S</em></strong></span> <span class='ocrx_word' id='word_1_341' title='bbox 297 2634 406 2674; x_wconf 78' lang='lat' dir='ltr'>(post.</span> <span class='ocrx_word' id='word_1_342' title='bbox 434 2642 454 2663; x_wconf 89' lang='lat' dir='ltr'>a</span> <span class='ocrx_word' id='word_1_343' title='bbox 481 2629 564 2671; x_wconf 80' lang='lat' dir='ltr'>del.)</span> <span class='ocrx_word' id='word_1_344' title='bbox 590 2627 682 2662; x_wconf 79' lang='lat' dir='ltr'>HP³</span> <span class='ocrx_word' id='word_1_345' title='bbox 828 2629 869 2662; x_wconf 77' lang='lat'>19</span> <span class='ocrx_word' id='word_1_346' title='bbox 900 2632 982 2672; x_wconf 78' lang='lat' dir='ltr'>post</span> <span class='ocrx_word' id='word_1_347' title='bbox 1013 2628 1207 2662; x_wconf 90' lang='lat' dir='ltr'>minuimus</span> <span class='ocrx_word' id='word_1_348' title='bbox 1233 2639 1260 2662; x_wconf 85' lang='lat' dir='ltr'>s.</span> <span class='ocrx_word' id='word_1_349' title='bbox 1288 2639 1323 2661; x_wconf 83' lang='lat' dir='ltr'>u.</span> <span class='ocrx_word' id='word_1_350' title='bbox 1352 2639 1395 2660; x_wconf 83' lang='lat' dir='ltr'>m.</span> <span class='ocrx_word' id='word_1_351' title='bbox 1423 2628 1448 2660; x_wconf 82' lang='lat'><em>2</em></span> <span class='ocrx_word' id='word_1_352' title='bbox 1475 2625 1560 2660; x_wconf 80' lang='lat' dir='ltr'>add.</span> <span class='ocrx_word' id='word_1_353' title='bbox 1587 2625 1651 2660; x_wconf 88' lang='lat' dir='ltr'>sed</span> 
     </span>
     <span class='ocr_line' id='line_1_39' title="bbox 126 2683 1654 2734; baseline -0.003 -12"><span class='ocrx_word' id='word_1_354' title='bbox 126 2690 198 2723; x_wconf 77' lang='lat' dir='ltr'>etia</span> <span class='ocrx_word' id='word_1_355' title='bbox 224 2700 267 2734; x_wconf 66' lang='lat' dir='ltr'>qe</span> <span class='ocrx_word' id='word_1_356' title='bbox 292 2688 338 2722; x_wconf 93' lang='lat' dir='ltr'>P¹</span> <span class='ocrx_word' id='word_1_357' title='bbox 468 2689 539 2721; x_wconf 79' lang='lat' dir='ltr'>situ</span> <span class='ocrx_word' id='word_1_358' title='bbox 572 2690 671 2731; x_wconf 84' lang='lat' dir='ltr'>(post</span> <span class='ocrx_word' id='word_1_359' title='bbox 698 2687 707 2720; x_wconf 91' lang='lat' dir='ltr'>i</span> <span class='ocrx_word' id='word_1_360' title='bbox 733 2697 762 2721; x_wconf 80' lang='lat'>3.</span> <span class='ocrx_word' id='word_1_361' title='bbox 789 2698 824 2721; x_wconf 84' lang='lat' dir='ltr'>u.</span> <span class='ocrx_word' id='word_1_362' title='bbox 858 2698 874 2721; x_wconf 91' lang='lat' dir='ltr'>c</span> <span class='ocrx_word' id='word_1_363' title='bbox 900 2691 940 2721; x_wconf 80' lang='lat' dir='ltr'>ut</span> <span class='ocrx_word' id='word_1_364' title='bbox 966 2686 1041 2721; x_wconf 77' lang='lat' dir='ltr'>uid.</span> <span class='ocrx_word' id='word_1_365' title='bbox 1069 2698 1113 2721; x_wconf 86' lang='lat' dir='ltr'>m.</span> <span class='ocrx_word' id='word_1_366' title='bbox 1141 2689 1160 2720; x_wconf 90' lang='lat'><strong><em>1</em></strong></span> <span class='ocrx_word' id='word_1_367' title='bbox 1186 2686 1284 2726; x_wconf 82' lang='lat' dir='ltr'>add.,</span> <span class='ocrx_word' id='word_1_368' title='bbox 1310 2685 1374 2720; x_wconf 77' lang='lat' dir='ltr'>secl</span> <span class='ocrx_word' id='word_1_369' title='bbox 1399 2684 1592 2729; x_wconf 75' lang='lat' dir='ltr'>adtritum)</span> <span class='ocrx_word' id='word_1_370' title='bbox 1617 2683 1654 2718; x_wconf 92' lang='lat' dir='ltr'><strong><em>P</em></strong></span> 
     </span>
    </p>

    <p class='ocr_par' dir='ltr' id='par_1_8' title="bbox 126 2742 1649 2848">
     <span class='ocr_line' id='line_1_40' title="bbox 173 2742 1649 2789; baseline -0.003 -8"><span class='ocrx_word' id='word_1_371' title='bbox 173 2748 273 2782; x_wconf 86' lang='lat' dir='ltr'>abitu</span> <span class='ocrx_word' id='word_1_372' title='bbox 306 2747 338 2780; x_wconf 89' lang='lat' dir='ltr'><strong><em>V</em></strong></span> <span class='ocrx_word' id='word_1_373' title='bbox 432 2745 762 2782; x_wconf 81' lang='lat' dir='ltr'>innumerabilibus.</span> <span class='ocrx_word' id='word_1_374' title='bbox 790 2758 833 2780; x_wconf 83' lang='lat' dir='ltr'>m.</span> <span class='ocrx_word' id='word_1_375' title='bbox 862 2749 887 2780; x_wconf 74' lang='lat'><em>2</em></span> <span class='ocrx_word' id='word_1_376' title='bbox 911 2745 1303 2789; x_wconf 83' lang='lat' dir='ltr'>innumerabilibusque</span> <span class='ocrx_word' id='word_1_377' title='bbox 1331 2744 1360 2779; x_wconf 88' lang='lat' dir='ltr'><strong><em>S</em></strong></span> <span class='ocrx_word' id='word_1_378' title='bbox 1441 2743 1486 2778; x_wconf 88' lang='grc'>20</span> <span class='ocrx_word' id='word_1_379' title='bbox 1512 2742 1649 2788; x_wconf 78' lang='lat' dir='ltr'>qualia]</span> 
     </span>
     <span class='ocr_line' id='line_1_41' title="bbox 126 2803 1351 2848; baseline -0.003 -7"><span class='ocrx_word' id='word_1_380' title='bbox 126 2807 196 2841; x_wconf 81' lang='lat' dir='ltr'>alia</span> <span class='ocrx_word' id='word_1_381' title='bbox 222 2805 468 2840; x_wconf 74' lang='lat' dir='ltr'>PP¹SVHP³</span> <span class='ocrx_word' id='word_1_382' title='bbox 492 2805 580 2839; x_wconf 87' lang='lat' dir='ltr'>talia</span> <span class='ocrx_word' id='word_1_383' title='bbox 606 2804 686 2839; x_wconf 69' lang='lat' dir='ltr'>edel.</span> <span class='ocrx_word' id='word_1_384' title='bbox 785 2805 854 2839; x_wconf 85' lang='lat' dir='ltr'>illi·</span> <span class='ocrx_word' id='word_1_385' title='bbox 878 2810 907 2848; x_wconf 89' lang='lat' dir='ltr'>(s</span> <span class='ocrx_word' id='word_1_386' title='bbox 934 2804 1052 2848; x_wconf 64' lang='lat' dir='ltr'>eras),</span> <span class='ocrx_word' id='word_1_387' title='bbox 1078 2816 1122 2840; x_wconf 88' lang='lat' dir='ltr'>m.</span> <span class='ocrx_word' id='word_1_388' title='bbox 1149 2807 1175 2838; x_wconf 85' lang='lat'><strong><em>2</em></strong></span> <span class='ocrx_word' id='word_1_389' title='bbox 1199 2805 1277 2838; x_wconf 74' lang='lat' dir='ltr'>illa-</span> <span class='ocrx_word' id='word_1_390' title='bbox 1304 2803 1351 2837; x_wconf 74' lang='grc' dir='ltr'>Ρι</span> 
     </span>
    </p>
   </div>
   <div class='ocr_carea' id='block_1_7' title="bbox 1534 2872 1599 2906">
    <p class='ocr_par' dir='ltr' id='par_1_9' title="bbox 1534 2872 1599 2906">
     <span class='ocr_line' id='line_1_42' title="bbox 1534 2872 1599 2906; baseline 0.046 -3"><span class='ocrx_word' id='word_1_391' title='bbox 1534 2872 1599 2906; x_wconf 77' lang='lat'>33*</span> 
     </span>
    </p>
   </div>
  </div>
 </body>
</html>
