1952 3118
44 1044 77 1070 10

43 1397 76 1424 15

534 189 885 233 epistularum
913 188 1033 225 CLXI.
1061 187 1202 223 CLXII.
1543 191 1626 230 511

103 321 326 375 interrogo.
385 332 461 374 ego
518 323 656 360 tamen
713 318 773 360 sic
825 318 946 360 credo
998 317 1172 372 uirginis
1223 317 1538 370 conceptionem
1588 324 1630 358 et

103 396 281 445 partum,
316 403 396 444 quo
437 389 561 431 modo
600 402 764 442 semper
802 389 970 438 credidi,
1010 392 1051 430 et
1088 401 1258 441 corpore
1297 401 1465 442 quoquo
1504 388 1627 430 modo

103 462 327 504 clarificato
367 462 490 502 deum
530 460 662 502 uideri
703 473 781 502 non
822 473 945 513 posse
985 463 1214 513 utcumque
1259 460 1418 501 ratione
1463 460 1627 514 collegi.

103 533 358 575 obuiandum
402 536 540 574 tamen
587 545 734 574 censeo
780 532 1035 581 hominibus,
1077 532 1149 584 qui
1193 535 1267 572 aut
1310 531 1537 572 seditiones
1582 544 1630 572 ex

104 603 421 657 quaestionibus
454 603 591 644 solent
623 603 800 643 excitare
833 605 907 643 aut
932 602 1110 643 feruenti
1137 601 1278 643 studio
1305 601 1356 642 ad
1383 601 1627 643 discendum

104 674 318 729 euigilare.
365 687 436 716 ora
477 686 550 727 pro
596 673 728 714 nobis.
777 685 855 726 pax
893 676 935 714 et
972 673 1124 714 caritas
1165 672 1322 714 Christi
1361 672 1627 714 sanctitatem

102 749 217 787 tuam
244 745 377 787 nostri
404 757 629 787 memorem
658 744 859 798 perficiat,
888 744 1054 785 domine
1081 748 1223 786 sancte
1252 744 1628 797 uenerabiliterque

103 816 346 857 beatissime
379 816 518 857 frater.

786 943 947 985 CLXII.

102 1036 294 1072 DOMINO
322 1036 613 1071 BEATISSIMO
642 1036 699 1070 ΕΤ
728 1035 1018 1070 VENERABILI
1043 1035 1218 1070 FRATRI
1243 1036 1303 1070 ΕΤ
1329 1035 1626 1072 COEPISCOPO

103 1095 288 1132 SANCTO
308 1095 490 1131 EVODIO
513 1096 571 1129 ΕΤ
593 1094 754 1131 TECUM
766 1094 1034 1129 FRATRIBUS
1049 1094 1356 1130 AUGUSTINUS
1378 1095 1436 1129 ET
1456 1094 1626 1131 MECUM

474 1155 686 1189 FRATRES
713 1154 765 1189 IN
791 1154 985 1189 DOMINO
1013 1154 1247 1189 SALUTEM.

160 1240 297 1281 Multa
341 1239 506 1292 quaeris
545 1239 594 1280 ab
635 1239 802 1280 homine
847 1239 1029 1279 multum
1070 1240 1274 1292 occupato
1313 1241 1368 1288 et,
1414 1240 1526 1292 quod
1565 1244 1629 1281 est

103 1311 288 1366 grauius,
323 1324 370 1352 ea
395 1314 517 1364 putas
550 1310 816 1364 praecipitari
849 1310 997 1351 debere
1030 1310 1238 1360 dictando,
1273 1323 1378 1363 quae
1410 1314 1496 1352 tam
1530 1316 1628 1352 sunt

102 1381 302 1431 difficilia,
354 1384 401 1423 ut
444 1394 539 1423 cum
584 1394 736 1435 magna
779 1381 1000 1435 diligentia
1044 1381 1202 1422 dictata
1246 1381 1315 1422 uel
1359 1381 1517 1435 scripta
1560 1382 1626 1423 uix

100 1452 272 1506 perduci
309 1453 474 1506 possint
511 1452 562 1493 ad
600 1452 862 1493 intellectum
901 1453 1026 1493 etiam
1065 1452 1228 1500 talium,
1269 1452 1405 1506 qualis
1443 1453 1534 1505 ipse
1567 1466 1623 1495 es,

101 1522 181 1564 huc
214 1523 390 1572 accedit,
424 1523 522 1576 quia
547 1536 627 1564 non
655 1527 701 1563 tu
729 1525 771 1563 et
795 1523 901 1564 tales
928 1526 1090 1563 tantum
1119 1522 1242 1564 modo
1276 1523 1490 1577 cogitandi
1522 1524 1624 1566 estis

99 1594 249 1636 lecturi
287 1607 393 1642 esse,
433 1594 544 1647 quod
584 1594 845 1647 scripsimus,
885 1593 959 1635 sed
998 1593 1145 1647 utique
1185 1597 1226 1635 et
1264 1593 1341 1637 illi.
1381 1594 1454 1647 qui
1486 1594 1623 1637 miuus

100 1668 221 1707 acuto
260 1665 483 1718 minusque
523 1664 746 1706 exercitato
784 1665 950 1719 ingenio
994 1665 1172 1718 praediti
1212 1678 1258 1706 eo
1298 1670 1436 1706 tamen
1483 1666 1624 1708 studio

100 1736 289 1778 feruntur
332 1737 382 1778 ad
426 1737 737 1791 cognoscendas
787 1737 951 1778 litteras
1002 1738 1166 1778 nostras
1218 1738 1309 1778 siue
1353 1737 1487 1779 amico
1533 1738 1625 1780 siue

146 1864 167 1897 :2
193 1862 347 1897 credidi·
374 1863 407 1897 V
577 1875 646 1908 quo
673 1863 778 1898 modo
807 1864 907 1898 codd.
936 1865 992 1905 (in
1019 1863 1102 1898 P¹S
1124 1876 1168 1899 m.
1203 1867 1237 1907 2,
1270 1866 1311 1898 in
1343 1865 1376 1898 V
1404 1877 1448 1899 m.
1477 1868 1502 1899 3
1533 1876 1622 1900 corr.

99 1933 240 1967 quoquo
266 1923 385 1966 modo)
413 1934 553 1968 quoque
580 1923 658 1958 edd.
775 1924 796 1957 3
824 1923 1029 1962 clarificato,
1056 1935 1100 1957 m.
1130 1927 1155 1957 2
1180 1924 1412 1958 clarificatum
1438 1924 1490 1958 P³
1521 1925 1623 1959 clari·

98 1982 206 2016 ficata
232 1983 267 2016 P
379 1983 516 2017 ratione
544 1983 666 2027 colligi
695 1991 753 2025 (m,
777 1987 800 2016 ,3
827 1983 972 2027 collegi)
1000 1982 1032 2016 V
1056 1984 1196 2017 ratione
1223 1984 1295 2028 legi
1323 1985 1362 2018 ιή
1385 1984 1508 2027 spatio
1529 1984 1626 2027 quod

98 2042 258 2076 relictum
291 2045 369 2076 erac
400 2053 520 2076 uacuo
546 2047 676 2086 postea
707 2055 751 2076 m.
783 2046 824 2076 ut
850 2042 926 2077 uid.
953 2045 972 2076 1
998 2041 1084 2076 add.
1111 2042 1164 2076 12²
1188 2043 1327 2078 ratione
1354 2043 1484 2087 collegi
1510 2043 1546 2077 P
1569 2054 1623 2077 ra-

97 2101 231 2136 tionem
258 2102 378 2146 colligi
405 2101 455 2136 P1
479 2104 527 2145 (m
555 2102 622 2136 del.
650 2114 694 2138 m.
716 2105 742 2136 2
761 2102 909 2146 colligo)
930 2102 1009 2136 SP3
1030 2110 1076 2142 (ni
1097 2113 1174 2146 exp.
1196 2114 1240 2137 m.
1253 2104 1419 2147 sortasse
1436 2105 1463 2137 2
1480 2103 1624 2147 collegi>

99 2161 235 2194 ratione
263 2161 393 2203 colligo
421 2161 500 2195 edel.
599 2163 620 2196 4
648 2165 744 2196 aut„
778 2161 811 2195 V
905 2164 924 2196 5
952 2162 1126 2205 feruendi,
1151 2173 1195 2196 m.
1223 2165 1264 2196 ut
1288 2162 1365 2196 uid.
1392 2165 1411 2196 1
1436 2173 1526 2197 corr.
1554 2162 1622 2197 fer-

98 2220 197 2254 uenti
223 2219 272 2253 P³
343 2222 364 2254 6
392 2232 458 2266 pax
485 2221 536 2265 et]
566 2224 667 2265 pater
692 2220 742 2255 P2
828 2221 846 2254 7
875 2224 996 2255 sancte
1023 2221 1239 2255 uenerabilis
1267 2221 1475 2256 beatissime
1502 2221 1620 2257 frater.

99 2289 165 2313 am.
190 2278 241 2313 P2

214 2386 316 2420 Idem
341 2386 489 2427 codices,
516 2387 580 2430 qui
604 2387 644 2420 in
669 2397 722 2430 ep.
752 2386 1074 2420 CLIX—CLXI.

144 2499 342 2544 Inscriptio
368 2512 449 2542 om.‚
475 2513 518 2535 m.
539 2504 557 2534 1
576 2502 616 2535 in
643 2511 754 2546 mary.
782 2501 1010 2535 breuioribus
1030 2501 1052 2535 l.
1075 2501 1160 2536 add.
1183 2502 1220 2536 P
1268 2502 1306 2536 ll
1337 2506 1461 2536 sancto
1482 2514 1549 2537 om.
1570 2503 1619 2537 Ρ2

102 2556 144 2593 12
157 2559 248 2593 frate
264 2563 299 2594 et
314 2561 361 2603 in,
375 2571 420 2594 m.
435 2563 460 2594 2
474 2561 602 2594 fratres
618 2561 652 2594 in
669 2560 698 2595 S
755 2561 796 2594 13
811 2560 976 2606 multum]
992 2561 1118 2601 multo,
1135 2572 1178 2595 m.
1195 2564 1221 2595 2
1233 2562 1349 2595 multu
1370 2561 1418 2595 P¹
1477 2562 1519 2596 14
1539 2568 1622 2596 sunt

98 2620 171 2652 tam
195 2619 274 2653 edd.
364 2620 405 2655 15
433 2621 500 2663 uix,
527 2631 570 2655 m.
600 2623 623 2654 3
649 2623 688 2653 ut
717 2620 772 2654 uix
807 2619 839 2652 V
923 2621 965 2654 16
993 2625 1142 2664 possunt
1167 2621 1203 2655 P
1277 2621 1318 2654 17
1347 2620 1497 2661 accedit,
1526 2633 1569 2655 m.
1596 2624 1621 2655 2

99 2677 229 2712 accidit
254 2679 289 2712 P
359 2680 458 2724 quia]
486 2679 582 2724 quod
608 2686 715 2723 (exp.)
746 2680 852 2724 *quia
876 2678 927 2714 Ρ1
979 2680 1020 2714 18
1046 2680 1234 2714 scribimus
1255 2679 1295 2714 Η
1321 2680 1398 2714 edd.
1455 2681 1497 2714 19
1524 2691 1620 2714 exer-

101 2736 217 2771 citabo
242 2737 278 2771 P
348 2739 393 2772 20
419 2738 594 2777 feruntur,
619 2739 682 2773 sed
707 2750 767 2773 eru
793 2740 835 2772 in
859 2749 933 2773 ras.
960 2742 1016 2782 (m.
1045 2742 1070 2774 2
1088 2738 1121 2781 ?)
1142 2739 1192 2773 1²³
1217 2740 1380 2773 fruuntur
1405 2738 1490 2773 ΡΡι
1516 2748 1573 2782 (m.
1596 2744 1622 2773 :3

99 2793 116 2828 1
138 2795 312 2839 feruntur)
338 2796 458 2832 P2SV
482 2800 586 2841 (corr.
613 2798 815 2840 trahentur)
840 2797 883 2832 H
