1952 3118
248 235 332 275 308
720 232 753 266 S.
791 232 973 266 Aureli
1011 233 1300 276 Augustini

246 362 427 411 uidetur,
469 362 579 415 quod
613 362 825 415 significat
861 362 1099 415 persistere,
1138 363 1216 404 hoc
1255 364 1320 403 est
1350 362 1647 417 longanimiter
1684 377 1772 417 per-

246 447 430 482 inanere3
463 434 505 474 in
533 433 756 474 altitudine
785 434 833 474 ab
861 433 952 486 ipso
985 436 1226 475 transuerso
1259 434 1374 487 ligno
1408 447 1575 475 sursum
1609 448 1771 486 uersus,

248 504 359 558 quod
392 504 441 545 ad
476 507 602 557 caput
636 505 802 555 eminet,
835 507 1005 557 propter
1037 505 1365 559 expectationem
1400 518 1689 559 supernorum.
1723 521 1772 548 ne

247 576 319 616 illa
358 588 482 629 opera
517 576 627 617 bona
664 578 790 628 atque
829 576 870 616 in
910 576 969 617 eis
1007 577 1320 629 perseuerantia
1363 579 1530 630 propter
1572 577 1774 619 beneficia

248 647 313 687 dei
339 649 503 688 terrena
529 660 576 688 ac
602 648 851 700 temporalia
876 647 1066 688 facienda
1092 647 1313 688 credantur
1340 647 1413 688 sed
1437 648 1578 701 potius
1606 652 1774 702 propter
1816 663 1834 688 5

247 718 367 767 illud,
412 718 524 770 quod
568 717 746 772 desuper
789 718 1089 771 sempiternum
1135 722 1274 771 sperat
1324 718 1466 767 fides,
1519 732 1640 772 quae
1690 733 1774 772 per

249 789 576 830 dilectionem
616 791 874 843 operatur3
914 789 955 830 in
995 789 1197 843 profundo
1238 791 1378 830 autem
1418 803 1511 842 pars
1550 790 1624 831 illa
1653 791 1773 845 ligni,

250 873 355 912 quae
394 861 433 900 in
473 863 605 901 terrae
645 860 784 901 abdito
825 860 955 901 defixa
993 861 1110 910 latet,
1153 860 1228 901 sed
1262 860 1360 901 inde
1399 861 1616 916 consurgit
1655 874 1773 903 omne

248 932 366 981 illud,
413 931 524 984 quod
569 931 738 974 eminet.
784 931 894 972 sicut
937 944 984 972 ex
1028 931 1196 972 occulta
1240 931 1305 972 dei
1344 932 1562 973 uoluntate
1600 935 1777 974 uocatur

249 1003 373 1044 homo
426 1003 476 1043 ad
526 1002 889 1056 participationem
940 1004 1081 1043 tantae
1133 1002 1290 1057 gratiae
1343 1003 1471 1044 alius
1524 1002 1595 1044 sic
1646 1003 1773 1044 alius
1802 1017 1837 1042 10

251 1076 413 1114 autem
453 1074 543 1123 sic3
585 1074 965 1127 supereminentem
1003 1086 1101 1114 uero
1135 1074 1336 1115 scientiae
1369 1074 1585 1114 caritatem
1620 1073 1775 1115 Christi

251 1159 340 1186 eam
382 1145 582 1199 profecto,
628 1145 700 1185 ubi
743 1157 833 1197 pax
877 1145 950 1185 illa
997 1148 1074 1195 est,
1121 1158 1243 1197 quae
1287 1145 1558 1198 praecellit
1592 1157 1775 1186 omnem

251 1217 584 1257 intellectum.
627 1215 700 1257 sed
734 1216 824 1257 siue
857 1216 936 1257 1100
968 1215 1009 1256 111
1047 1215 1143 1256 istis
1183 1215 1429 1269 apostolicis
1468 1215 1609 1257 uerbis
1650 1216 1775 1257 etiam

251 1287 321 1328 ille
355 1288 534 1328 senserit
566 1287 837 1340 euangelicus
864 1286 1103 1340 disputator
1135 1286 1225 1328 siue
1258 1286 1372 1327 aliud
1406 1286 1564 1339 aliquid
1596 1287 1775 1329 fortasse

252 1358 566 1412 congruentius,
599 1358 718 1399 uides
751 1361 889 1399 tamen
924 1358 1050 1399 etiam
1083 1358 1175 1407 1100,
1210 1357 1251 1398 111
1282 1358 1417 1407 fallor,
1451 1371 1472 1399 a
1504 1358 1651 1412 regula
1681 1358 1777 1400 fidei
1802 1372 1839 1399 15

252 1443 330 1470 non
366 1430 597 1472 abhorrere.

314 1501 431 1543 Unde
460 1503 599 1542 autem
628 1513 736 1541 nunc
762 1500 928 1555 agimus
955 1502 1125 1554 propter
1151 1500 1386 1541 contuitum
1415 1500 1660 1553 spiritalem,
1685 1513 1777 1541 cum

254 1573 446 1613 dixisset:
480 1571 577 1624 ‘Qui
609 1572 824 1626 cognouit,
860 1584 981 1625 quae
1017 1571 1084 1612 sit
1115 1571 1338 1612 latitudo
1368 1574 1415 1612 et
1439 1571 1704 1625 longitudo
1734 1574 1779 1612 et

255 1643 472 1684 altitudo
514 1646 562 1684 et
600 1643 913 1696 profundum,
955 1644 1001 1684 et
1040 1643 1494 1696 supereminentem
1537 1642 1778 1683 scientiae

255 1713 516 1755 caritatem
570 1714 774 1764 Christi,
826 1713 935 1754 uidit
979 1715 1020 1754 et
1072 1712 1300 1763 Christum,
1352 1713 1461 1754 uidit
1506 1715 1547 1754 et
1589 1715 1778 1767 patrem‘,
1806 1729 1842 1755 20

254 1798 304 1826 ne
355 1785 482 1826 alicui
524 1785 766 1826 tardissimo
807 1784 855 1826 de
907 1785 1109 1838 corporali
1159 1784 1321 1825 uisione
1373 1784 1508 1826 dicere
1552 1784 1779 1831 uideretur,

255 1859 343 1897 ‘nos
402 1856 539 1907 0111111),
595 1856 747 1909 inquit,
804 1856 901 1897 ‘iam
952 1855 1182 1897 secundum
1236 1868 1402 1896 carnem
1453 1868 1532 1896 non
1583 1855 1779 1896 nouimus

257 1926 473 1968 Christum
495 1928 568 1969 sed
589 1928 820 1969 secundum
843 1927 1053 1980 spiritum.
1081 1927 1295 1980 spiritus
1319 1927 1427 1968 enim
1457 1928 1568 1967 ante
1602 1926 1780 1967 faciem

375 2079 395 2112 6
425 2078 499 2111 cai.
528 2078 560 2120 5,
588 2078 607 2111 6
685 2077 726 2110 10
753 2076 770 2109 1
796 2076 874 2111 cor.
903 2077 933 2120 τ,
962 2077 981 2110 7
1065 2078 1106 2110 12
1133 2076 1227 2111 Phil.
1253 2077 1285 2117 4,
1314 2077 1332 2110 7
1423 2077 1577 2117 is-em
1605 2076 1781 2118 22—309,

260 2138 273 2170 1
304 2153 347 2165 Ξ
376 2148 408 2181 p.
436 2137 516 2177 3291,
544 2136 719 2176 20-202,
748 2136 770 2169 4

307 2219 322 2253 1
351 2219 543 2253 uidebatur
568 2219 628 2262 (ba
653 2230 697 2253 m.
723 2222 742 2252 1
768 2222 861 2263 exp.)
886 2218 936 2252 M
1028 2218 1141 2263 signif
1164 2218 1268 2263 (sies)
1293 2218 1324 2251 T
1390 2217 1410 2251 2
1437 2218 1472 2251 in
1501 2217 1729 2252 altit-udinem
1756 2218 1788 2251 T

303 2279 417 2323 ligno]
445 2278 567 2312 limine
594 2279 629 2312 P
729 2290 868 2312 rursum
893 2278 937 2312 H
1036 2289 1190 2318 uersum,
1218 2290 1261 2312 m.
1291 2280 1315 2312 2
1341 2288 1463 2311 uersus
1491 2277 1526 2310 P
1643 2276 1665 2309 4
1692 2277 1785 2310 bona

258 2349 366 2383 opera
391 2338 470 2372 edd.
546 2340 566 2372 ἴ)
594 2341 701 2383 atque
728 2338 807 2374 edd.
882 2339 902 2373 8
930 2350 1009 2383 quc,
1036 2350 1080 2374 m.
1108 2341 1133 2372 :2
1159 2349 1226 2383 qusgr
1253 2338 1288 2371 P
1382 2338 1417 2370 in
1443 2339 1559 2371 terrae
1584 2347 1651 2371 om.
1684 2336 1784 2370 TOL

305 2397 341 2430 in
367 2397 392 2440 (i
419 2408 461 2431 em
488 2408 578 2438 ras.;
596 2398 723 2441 fuitne
749 2409 769 2431 a
796 2396 828 2440 .9)
855 2397 890 2430 A
1022 2400 1129 2441 terra,
1156 2408 1199 2430 m.
1229 2399 1253 2430 :2
1278 2399 1393 2430 terrae
1421 2396 1456 2429 P
1584 2395 1724 2429 abdito*
1750 2395 1790 2429 F

259 2455 386 2500 abditi,
413 2467 457 2492 m.
485 2458 510 2490 „⁴2
537 2456 668 2490 abditis
695 2456 731 2490 P
864 2456 960 2502 inde]
987 2457 1023 2490 in
1051 2456 1155 2491 corde
1188 2455 1217 2489 O
1349 2458 1552 2499 consurget,
1578 2466 1622 2489 m.
1652 2457 1676 2488 :3
1703 2466 1785 2488 con-

259 2516 374 2560 surgit
399 2516 435 2549 P
528 2515 618 2549 illud
645 2528 747 2550 omne
778 2515 879 2550 TOL
954 2517 997 2550 10
1024 2515 1178 2560 gratiae]
1205 2515 1342 2559 gratiae
1370 2515 1444 2549 eius
1470 2514 1506 2548 P
1579 2514 1619 2548 11
1648 2514 1783 2557 autem]

259 2586 343 2608 uero
375 2575 475 2608 TOL
501 2585 565 2609 sec.
599 2575 704 2620 Vuly.
829 2576 870 2609 112
897 2575 961 2609 illa
988 2578 1042 2609 est
1069 2586 1135 2620 pax
1162 2574 1241 2610 edd.
1365 2574 1406 2608 13
1434 2574 1513 2607 istis
1539 2584 1604 2608 om.
1635 2584 1688 2607 ae
1713 2573 1786 2606 illis

261 2656 337 2686 cett⁴
366 2652 442 2686 edd.
542 2652 767 2697 apostoli*cis
794 2652 886 2696 (fuit
913 2653 941 2687 s)
967 2651 1016 2686 M
1087 2652 1129 2685 15
1179 2654 1253 2685 tasn
1280 2662 1372 2686 eras.
1399 2651 1434 2685 P
1529 2662 1551 2684 n
1569 2650 1602 2684 L
1627 2650 1695 2684 nisi
1720 2649 1787 2683 To

265 2712 305 2745 16
333 2710 495 2745 aberrare
521 2711 557 2744 P
612 2712 653 2746 18
681 2714 717 2745 et
737 2715 823 2756 post
847 2711 1002 2745 latitudo
1030 2722 1096 2745 om.
1123 2710 1170 2744 M
1222 2710 1267 2743 ‘20
1293 2710 1393 2744 uidet
1420 2710 1453 2743 P
1532 2712 1566 2743 et
1592 2720 1658 2743 om.
1684 2708 1786 2743 TOL

309 2769 409 2803 uidet
437 2773 471 2803 et
497 2770 532 2803 P
557 2772 592 2804 et
617 2769 712 2804 uidit
737 2773 773 2804 et
798 2771 846 2804 M
904 2771 944 2804 21
975 2781 1040 2804 nec
1065 2770 1146 2804 HF
1170 2772 1202 2811 (c
1229 2771 1321 2812 eaep.)
1347 2770 1381 2802 A
1408 2772 1438 2812 (0
1466 2771 1573 2803 eras.)
1644 2768 1687 2801 22
1716 2779 1785 2801 non

263 2828 456 2863 secundun]
483 2840 623 2863 carnem
648 2829 749 2864 TOL
821 2830 966 2872 ui'aefmus⁷
986 2840 1029 2862 m.
1052 2832 1071 2862 1
1093 2839 1182 2863 corr.
1204 2828 1384 2862 nouifflius
1402 2827 1451 2861 JI
1496 2827 1540 2862 23
1562 2827 1726 2871 spiritum
1746 2826 1790 2860 H
