1924 3122
160 977 192 1000 10

155 1332 187 1357 15

151 1687 186 1713 20

684 191 1035 236 epistularum
1074 191 1269 227 CXXXIII.
1690 195 1744 236 83

214 323 454 374 homineS,
492 326 541 364 ut
579 334 653 364 nec
690 322 765 363 illa
803 321 938 363 sancti
975 321 1128 371 Dauid,
1169 321 1333 375 quando
1373 322 1544 364 inimico
1584 322 1665 364 sibi
1703 323 1745 364 in

214 406 362 435 manus
394 392 549 434 tradito
583 392 810 434 clementer
846 392 1047 445 pepercit,
1081 392 1417 445 praeclarissima
1454 392 1605 435 lenitas
1645 393 1746 434 emi-

213 467 343 513 neret,
381 464 463 505 nisi
501 465 690 517 potestas
728 463 884 517 pariter
921 466 1152 517 appareret.
1197 476 1276 505 non
1313 467 1354 505 te
1394 476 1490 519 ergo
1530 468 1746 518 exasperet

213 534 454 576 uindicandi
498 538 700 589 potestas,
746 534 814 576 cui
856 534 1075 575 lenitatem
1119 547 1199 576 non
1247 534 1432 576 excussit
1483 535 1746 577 examinandi

214 607 459 648 necessitas.
493 606 579 647 noli
610 606 790 648 facinore
823 606 994 647 inuento
1029 618 1227 659 quaerere
1259 618 1564 659 percussorem,
1593 607 1632 648 in
1661 619 1743 660 quo

212 677 463 719 inueniendo
497 677 673 719 noluisti
705 677 901 718 adhibere
934 679 1149 719 tortorem.

272 749 490 790 Postremo
530 761 602 802 pro
642 748 844 790 ecclesiae
889 747 1075 789 utilitate
1119 748 1277 789 missus
1322 760 1377 790 es.
1421 748 1499 790 hoc
1545 748 1745 790 ecclesiae

214 819 444 861 catholicae
477 822 563 870 aut,
589 824 638 860 ut
669 819 841 861 modum
876 819 1203 873 dispensationis
1235 831 1353 860 meae
1386 831 1465 860 non
1499 819 1743 874 supergredi

214 890 368 942 uidear,
406 890 485 931 hoc
524 890 726 932 ecclesiae
771 890 823 931 ad
860 889 1473 943 Hipponiensium-Regiorum
1518 889 1742 931 dioecesim

212 961 438 1015 pertinenti
469 961 682 1014 prodesse,
710 962 789 1002 hoc
822 961 1013 1015 expedire
1047 963 1275 1003 contestor.
1308 961 1343 1002 si
1376 974 1455 1002 non
1490 961 1609 1002 audis
1644 961 1744 1002 ami-

213 1045 309 1074 cum
335 1034 561 1086 petentem,
584 1032 681 1074 audi
708 1032 954 1086 episcopum
981 1033 1286 1083 consulentem,
1311 1032 1520 1086 quamuis.
1548 1032 1744 1085 quoniam

214 1102 451 1145 Christiano
484 1103 644 1157 loquor,
678 1103 856 1144 maxime
890 1103 930 1144 in
962 1103 1038 1145 tali
1071 1115 1197 1144 causa
1239 1115 1318 1144 non
1359 1106 1601 1157 arroganter
1632 1103 1743 1145 dixe-

211 1175 302 1226 rim,
340 1174 482 1216 audire
521 1177 562 1216 te
601 1175 846 1228 episcopum
885 1174 1083 1216 conuenit
1113 1174 1344 1224 iubentem,
1384 1174 1549 1215 domine
1596 1174 1743 1217 eximie

213 1247 255 1286 et
281 1245 430 1287 merito
456 1245 635 1300 insignis
663 1248 788 1299 atque
815 1245 1031 1287 carissime
1058 1245 1131 1286 fili.
1159 1246 1267 1286 unde
1295 1244 1382 1287 scio
1405 1245 1574 1298 quidem
1595 1258 1743 1287 causas

212 1316 522 1358 ecclesiasticas
555 1316 822 1358 excellentiae
854 1319 951 1357 tuae
984 1316 1256 1370 potissimum
1288 1316 1513 1366 iniunctas,
1542 1316 1615 1358 sed
1647 1317 1745 1370 quia

213 1387 334 1429 credo
367 1388 494 1429 istam
533 1400 675 1429 curam
715 1387 765 1429 ad
803 1387 943 1429 uirum
983 1387 1265 1429 clarissimum
1304 1389 1430 1441 atque
1468 1387 1742 1441 spectabilem

211 1458 504 1512 proconsulem
536 1458 757 1512 pertinere,
785 1459 836 1500 ad
870 1471 965 1500 eum
993 1471 1158 1513 quoque
1184 1459 1348 1500 litteras
1376 1458 1484 1509 dedi,
1512 1471 1615 1512 quas
1641 1472 1741 1514 rogo

212 1534 260 1571 ut
285 1530 375 1584 ipse
400 1530 464 1571 illi
488 1529 652 1571 tradere
679 1533 720 1571 et
746 1529 941 1584 allegare,
970 1530 1006 1571 si
1033 1542 1138 1583 opus
1166 1532 1244 1579 est,
1271 1542 1350 1571 non
1385 1530 1584 1585 graueris.
1616 1532 1742 1584 atque

211 1601 356 1643 ambos
389 1601 576 1643 obsecro.
603 1614 653 1642 ne
685 1601 968 1655 importunam
1001 1601 1260 1642 arbitremini
1292 1602 1363 1642 uel
1393 1600 1740 1642 intercessionem

211 1672 281 1713 uel
331 1672 650 1727 suggestionem
695 1672 765 1714 uel
816 1672 1146 1714 sollicitudinem
1196 1675 1381 1714 nostram
1433 1674 1475 1713 et
1524 1672 1741 1726 passiones

333 1823 347 1857 1
378 1822 394 1856 Ι
421 1823 509 1868 Reg.
536 1823 594 1867 24,
625 1822 715 1858 1-8

260 1906 276 1940 1
312 1910 353 1940 ut
383 1917 451 1941 om.
484 1906 524 1940 E
552 1906 645 1941 unde
677 1905 803 1941 PP²T
824 1907 954 1950 flrm
1075 1907 1096 1941 2
1129 1907 1291 1952 pepercit
1322 1909 1364 1941 ut
1395 1906 1681 1951 praeclarissima
1706 1905 1746 1940 E

211 1965 232 2000 3
259 1965 393 2011 pariter
418 1977 486 2000 om.
513 1965 561 1999 Ρ1
677 1977 857 2012 exaspera,
883 1978 926 2003 m.
955 1969 974 2000 1
999 1977 1090 2003 corr.
1118 1969 1304 2011 exasperet
1330 1964 1382 2000 Ρ1
1504 1966 1524 2000 6
1550 1964 1740 2007 ueniendo,

209 2035 255 2058 m.
283 2027 302 2058 1
325 2035 416 2060 corr.
443 2025 660 2060 inueniendo
687 2025 726 2059 F
820 2026 968 2060 uoluisti
995 2026 1069 2061 ER
1166 2025 1337 2059 adhibere
1364 2036 1432 2061 om.
1459 2025 1495 2059 P
1614 2025 1635 2059 8
1662 2025 1738 2069 aut}

211 2094 277 2128 age
303 2083 339 2118 R
483 2083 598 2118 modis
631 2084 671 2119 E
813 2084 1113 2130 dispensationes,
1144 2096 1189 2119 m.
1223 2087 1242 2119 1
1273 2095 1364 2119 corr.
1397 2083 1680 2128 dispensationis
1706 2082 1746 2117 F

258 2143 466 2188 supergredi
493 2143 618 2178 uideas
647 2143 813 2179 MFRP¹
840 2144 1093 2189 supergrediar
1117 2144 1156 2179 E
1250 2145 1271 2178 9
1297 2143 1379 2188 hoc]
1406 2146 1469 2177 aut
1493 2143 1528 2177 P
1627 2154 1740 2187 yppo-

211 2203 373 2236 nensium
399 2202 448 2237 M
471 2203 720 2248 ipponensium
746 2203 821 2238 RT
845 2204 1131 2249 Hipponensium
1158 2203 1238 2239 edd.
1314 2203 1499 2247 regionum
1527 2202 1631 2237 codd.
1659 2201 1739 2236 edd.

205 2265 355 2306 praeter
379 2273 414 2296 m
488 2262 657 2297 diocesim
678 2262 839 2298 PRP²T
863 2262 995 2297 diocesi
1021 2266 1079 2303 (-—
1100 2275 1145 2297 m.
1172 2266 1214 2296 ut
1238 2262 1314 2296 uid.
1343 2263 1380 2304 2)
1407 2262 1445 2296 E
1468 2261 1603 2296 diocesi
1623 2261 1740 2295 MFA

214 2320 256 2354 10
282 2320 493 2365 pertinenti]
522 2321 703 2366 pertinent
729 2321 778 2360 hi,
804 2333 848 2355 m.
876 2324 901 2355 2
927 2322 1085 2366 pertinet
1110 2321 1177 2355 hoc
1204 2320 1243 2355 Ε
1317 2322 1354 2355 11
1385 2321 1569 2366 quoniam]
1599 2331 1677 2354 cum
1705 2318 1743 2352 F

214 2378 255 2413 13
294 2379 417 2414 audire
455 2380 504 2423 te]
546 2380 698 2422 audiret,
731 2392 775 2414 m.
808 2385 848 2415 ue
881 2381 957 2415 uid.
992 2383 1017 2414 2
1047 2380 1170 2415 audire
1209 2384 1244 2414 te
1278 2381 1312 2414 P
1347 2380 1470 2414 audire
1510 2382 1592 2422 (om.
1628 2382 1677 2419 te)
1705 2379 1744 2412 Ε

259 2430 336 2484 epti,
363 2451 406 2472 m.
435 2442 460 2473 2
486 2431 566 2484 ἦῆ
591 2439 631 2473 Ε
761 2441 931 2474 conuenit
958 2443 994 2473 et
1019 2439 1203 2474 iubentem
1229 2439 1269 2474 E
1322 2453 1328 2459 ·
1394 2439 1520 2473 eximie
1549 2443 1584 2472 et
1610 2438 1738 2471 merito

210 2508 278 2532 om.
305 2497 352 2531 P²
436 2500 476 2533 15
504 2498 768 2533 ecclesiasticas
794 2510 862 2533 om.
888 2499 924 2533 A
999 2499 1042 2534 16
1069 2499 1113 2533 ad
1140 2499 1256 2548 uirum
1283 2499 1533 2541 clarissimum}
1561 2500 1596 2531 et
1623 2496 1739 2530 adhuc

210 2557 250 2591 E
344 2561 464 2602 atque.
490 2569 534 2592 m.
563 2561 588 2591 2
614 2558 659 2592 ad
684 2559 723 2592 E
817 2558 1076 2603 expectabilem
1104 2557 1385 2593 MFAPRP¹T
1464 2557 1504 2590 17
1533 2566 1622 2597 eam,
1649 2566 1692 2588 m.
1721 2556 1738 2588 1

211 2627 301 2650 corr.
329 2628 408 2651 eum
435 2616 482 2650 Μ
555 2618 597 2651 18
624 2618 693 2662 ipsi
721 2617 838 2652 MAR
936 2617 1009 2657 ille,
1032 2628 1080 2651 m.
1109 2620 1134 2651 2
1161 2617 1213 2651 illi
1240 2616 1279 2651 E
1386 2616 1536 2660 alligare
1564 2614 1602 2648 E
1625 2622 1684 2649 (m.
1713 2616 1738 2646 2

210 2674 380 2720 allegare)
407 2675 574 2710 ΜΈᾼΡι
699 2677 741 2711 19
768 2677 891 2711 ambos
919 2688 982 2710 uos
1008 2676 1154 2710 obsecro
1184 2675 1222 2709 Ε
1364 2675 1594 2720 inportunum
1624 2672 1660 2706 E
1683 2673 1737 2706 in-

211 2736 404 2778 portutam.
429 2746 473 2768 m.
501 2737 526 2768 2
551 2735 780 2779 inportunam
802 2736 837 2769 P
910 2735 967 2769 uel
994 2737 1263 2779 suggestionem
1292 2734 1350 2769 uel
1376 2733 1668 2768 intercessionem
1691 2730 1738 2765 1)ι

210 2792 255 2827 20
282 2797 451 2835 uestram,
480 2805 522 2827 m.
552 2796 576 2827 :2
602 2797 761 2829 nostram
787 2794 823 2829 R
922 2794 970 2839 et]
1000 2806 1043 2827 ne
1071 2793 1109 2828 E

1647 2862 1687 2893 0..
