1952 3118
92 1065 144 1105 15

147 938 181 964 10

147 1294 180 1320 15

153 1649 185 1674 20

685 154 1037 199 epistularum
1077 153 1253 189 CXLVII.
1653 158 1735 200 287

208 295 297 324 nam
339 283 417 325 hoc
457 283 674 338 apostolus
713 283 880 336 planius
921 283 1153 338 explicans:
1200 283 1351 336 Quem
1391 298 1544 336 nemo,
1583 286 1736 341 inquit,

205 354 456 396 hominum
490 354 621 396 uidit
652 366 738 395 nec
777 353 951 395 uidere
990 357 1161 407 potest
1194 380 1249 384 —
1284 356 1318 397 si
1352 369 1450 410 ergo
1483 357 1544 398 ita
1575 357 1737 400 dictum

205 428 286 467 est:
326 426 480 467 Deum
520 438 657 467 nemo
697 425 830 467 uidit
870 438 1115 479 umquam,
1156 439 1203 468 ac
1243 427 1278 467 si
1318 427 1546 469 diceretur:
1586 428 1735 470 ‘Nemo

204 496 447 543 hominum:
481 496 683 537 hactenus
716 496 791 537 illa
823 496 1016 549 quaestio
1051 497 1191 538 soluta
1224 497 1451 547 uidebitur,
1486 500 1535 539 ut
1567 511 1646 540 non
1681 499 1738 540 sit

204 567 301 608 huic
329 567 561 609 sententiae
589 567 855 617 contrarium,
883 568 994 621 quod
1022 567 1217 610 dominus
1245 568 1322 609 ait:
1356 569 1422 610 An
1435 569 1535 623 geli
1569 582 1737 611 eorum

206 650 396 692 semper
439 638 614 679 uident
656 638 835 679 faciem
888 638 1049 692 patris
1095 639 1204 688 mei,
1252 642 1299 680 ut
1349 639 1511 681 scilicet
1563 643 1738 695 angelos

205 709 329 750 deum
374 708 516 750 uidere
561 709 795 759 credamus,
841 722 965 763 quem
1016 722 1154 751 nemo
1206 710 1340 751 uidit
1389 724 1619 764 umquam
1664 711 1738 753 sed

204 780 434 822 hominum.
468 792 549 833 quo
583 780 707 822 modo
740 792 838 834 ergo
872 780 996 822 deum
1031 780 1140 822 uidit
1172 781 1396 830 Abraham,
1431 781 1562 833 Isaac,
1595 783 1737 832 Iacob,

202 851 292 894 Iob.
326 851 510 905 Moyses,
544 851 772 898 Michaeas,
805 851 952 893 Esaias
985 855 1027 892 et
1060 851 1095 893 si
1129 852 1200 905 qui
1233 852 1304 893 alii
1346 855 1456 901 sunt,
1492 853 1542 894 de
1582 853 1738 906 quibus

202 921 476 963 ueracissima
513 922 721 975 scriptura
756 924 952 965 testatur.
993 922 1103 976 quod
1142 922 1266 963 deum
1306 922 1502 970 uiderint,
1537 923 1573 965 si
1612 923 1737 964 deum

204 1005 342 1034 nemo
376 1006 578 1046 umquam
611 993 861 1034 hominum
895 993 1028 1035 uidit
1060 1006 1145 1035 nec
1179 993 1351 1035 uidere
1383 997 1581 1047 potest?

264 1063 528 1117 Quamquam
561 1064 750 1106 nonnulli
782 1064 975 1106 uolentes
1008 1065 1180 1118 probare
1214 1065 1341 1106 etiam
1374 1065 1528 1119 impios
1568 1065 1739 1108 uisuros

205 1134 327 1176 deum
358 1147 381 1175 a
407 1135 573 1176 diabolo
602 1148 767 1189 quoque
792 1136 884 1189 ipso
907 1135 1032 1177 deum
1053 1136 1195 1177 uisum
1216 1138 1365 1190 putant
1386 1136 1445 1177 sic
1468 1137 1737 1190 accipientes,

205 1205 316 1260 quod
343 1206 546 1260 scriptum
574 1208 638 1247 est
657 1206 698 1247 in
719 1206 825 1248 libro
852 1207 926 1248 Iob
954 1207 1122 1249 uenisse
1150 1219 1246 1248 cum
1274 1206 1434 1261 angelis
1463 1210 1504 1248 et
1524 1207 1739 1249 diabolum

204 1277 244 1318 in
280 1279 507 1330 conspectu
542 1277 620 1329 dei,
652 1280 700 1318 ut
730 1277 815 1318 iam
849 1280 890 1319 et
922 1277 1028 1319 illud
1070 1277 1211 1319 ueniat
1243 1277 1284 1319 in
1319 1278 1622 1330 quaestionem,
1657 1290 1738 1331 quo

206 1347 329 1390 modo
357 1347 517 1390 dictum
544 1348 621 1389 sit:
646 1349 790 1390 Beati
815 1348 993 1390 mundo
1022 1348 1179 1400 corde,
1208 1348 1439 1401 quoniam
1466 1348 1564 1401 ipsi
1592 1348 1739 1390 deum

206 1419 463 1467 uidebunt,
503 1422 544 1461 et
580 1419 705 1461 illud:
750 1420 925 1461 Pacem
966 1419 1233 1461 sectamini
1273 1431 1378 1460 cum
1422 1419 1652 1461 omnibus
1694 1422 1742 1461 et

209 1490 684 1537 sanctificationem,
713 1491 818 1532 sine
854 1503 948 1547 qua
980 1503 1116 1532 nemo
1150 1490 1341 1544 poterit
1373 1490 1546 1532 uidere
1580 1491 1740 1532 deum.

208 1562 390 1603 multum
424 1562 533 1603 enim
565 1562 705 1612 miror,
734 1562 768 1603 si
796 1575 843 1603 eo
874 1575 1006 1616 usque
1033 1561 1371 1616 progrediuntur,
1400 1562 1471 1615 qui
1499 1562 1744 1603 existimant

208 1632 361 1685 impios
406 1633 576 1674 uisuros
621 1632 744 1674 deum
785 1635 826 1674 et
864 1646 887 1674 a
926 1633 1092 1674 diabolo
1136 1633 1278 1674 uisum
1324 1633 1462 1682 deum,
1503 1636 1550 1674 ut
1588 1644 1662 1674 eos
1700 1634 1743 1673 et

331 1783 345 1817 1
375 1783 391 1817 Ι
417 1782 507 1817 Tim.
533 1784 567 1823 6,
596 1783 638 1818 16
783 1784 803 1817 8
830 1783 1039 1827 (Abraham)
1069 1782 1157 1818 Gen.
1188 1783 1241 1827 18,
1271 1783 1307 1822 1;
1335 1782 1466 1827 (Isaac)
1495 1782 1584 1818 Gen.
1611 1784 1668 1818 26.
1697 1784 1741 1823 2;

211 1842 346 1885 (Iacob)
374 1841 461 1877 Gen.
490 1842 547 1882 32,
575 1842 620 1875 30
743 1843 763 1875 9
791 1841 886 1886 (Iob)
913 1841 977 1876 Iob
1005 1842 1061 1877 38.
1092 1843 1127 1880 1;
1154 1842 1212 1885 42,
1241 1842 1277 1883 93
1306 1842 1476 1887 (Moyses)
1502 1842 1552 1876 Ex
1591 1843 1647 1882 33,
1679 1843 1739 1883 11;

211 1901 419 1945 (Michaeas)
452 1901 507 1935 III
540 1901 628 1945 Reg.
663 1900 719 1939 22.
756 1902 814 1941 19;
848 1901 1006 1945 (Esaias)
1039 1901 1096 1935 Es.
1129 1902 1162 1941 6,
1193 1902 1207 1936 1
1360 1902 1403 1935 14
1435 1901 1499 1935 Iob
1535 1902 1565 1941 l,
1592 1903 1633 1943 6;
1661 1903 1695 1946 2,
1723 1902 1739 1936 1

215 1962 256 1996 16
283 1961 412 1995 Matth.
439 1962 471 2000 ε’),
499 1960 520 1994 8
597 1961 638 1995 17
666 1960 774 1995 Hebr.
805 1960 857 1998 12,
888 1961 930 1995 14

259 2044 279 2078 2
305 2043 498 2086 hominem,
525 2055 570 2077 m.
599 2046 616 2076 1
641 2054 732 2078 corr.
758 2043 942 2077 hominum
970 2043 1010 2077 H
1166 2043 1280 2077 uideri
1307 2042 1388 2077 HF
1409 2046 1467 2086 (m.
1495 2045 1521 2077 2
1546 2054 1637 2078 corr.
1664 2044 1742 2080 uid.

213 2102 347 2139 uidere)
424 2103 464 2147 si]
493 2102 542 2136 sic
574 2102 654 2136 ΤΤ1
728 2103 748 2137 3
775 2103 869 2137 uidit
896 2102 934 2136 «d
959 2103 1000 2136 in
1027 2106 1116 2145 ras.)
1144 2103 1182 2137 F
1251 2113 1355 2137 nemo
1382 2102 1476 2137 uidit
1502 2103 1685 2137 hominum
1709 2103 1742 2137 L

213 2163 234 2196 4
260 2162 456 2206 uidebitur]
486 2154 525 2196 ee
551 2165 609 2205 (m.
638 2165 657 2195 1
685 2164 778 2206 erp.)
805 2162 988 2196 uidebitur
1014 2162 1060 2196 Μ
1133 2163 1151 2195 7
1179 2162 1313 2196 uidisse
1347 2161 1498 2196 TT¹OL
1584 2161 1646 2196 sed
1674 2162 1742 2197 del.

216 2223 272 2261 (m.
296 2224 312 2255 1
332 2220 366 2263 .9)
393 2221 441 2255 M
496 2223 516 2251 R
543 2222 640 2255 isaac
667 2224 703 2255 et
730 2222 830 2256 iacob
858 2221 900 2255 H
923 2225 960 2256 et
986 2222 1083 2256 isaac
1110 2225 1146 2256 et
1172 2221 1275 2255 iacob
1304 2224 1511 2265 (utrumque
1537 2224 1573 2255 et
1592 2225 1687 2265 exp.)
1707 2221 1748 2255 F

215 2281 235 2313 9
262 2291 342 2325 qua,
369 2292 413 2314 m.
441 2283 460 2314 1
486 2291 577 2315 corr.
604 2281 665 2326 qui
691 2280 733 2315 H
878 2280 920 2314 ‹le
954 2291 1020 2315 om.
1054 2280 1086 2314 T
1115 2281 1170 2325 (in
1195 2280 1277 2325 fine
1307 2282 1359 2323 u.)
1391 2279 1471 2314 T¹L
1499 2284 1557 2322 (m.
1586 2282 1612 2314 2
1638 2280 1742 2321 aad.)

218 2340 259 2374 10
286 2340 395 2385 quod}
422 2345 480 2384 qm
511 2340 541 2374 O
654 2339 834 2383 uiderunt,
860 2351 904 2373 m.
933 2342 958 2373 2
984 2339 1142 2374 uiderint
1168 2340 1202 2374 L
1296 2341 1335 2374 11
1365 2338 1460 2373 uidit
1486 2350 1653 2384 umquam
1680 2339 1744 2372 ho-

216 2400 350 2434 minum
376 2398 470 2434 uidit
500 2399 545 2433 T1
571 2399 665 2433 uidit
690 2410 855 2444 umquam
885 2400 1067 2433 hominum
1100 2399 1163 2433 TL
1282 2400 1324 2433 12
1351 2400 1459 2433 etiam
1486 2399 1636 2444 probare
1664 2398 1743 2433 edd.

220 2459 261 2494 15
287 2459 322 2493 in
350 2464 579 2504 conspectum
607 2470 641 2493 m
720 2462 760 2492 ut
787 2461 823 2493 et
850 2459 918 2492 iam
955 2458 985 2491 T
1008 2459 1145 2493 utinam
1173 2462 1210 2492 et
1235 2459 1269 2492 A
1348 2459 1389 2492 16
1417 2460 1472 2492 est
1499 2458 1532 2491 A
1612 2457 1744 2491 inundo

219 2518 303 2552 add.
330 2519 339 2552 i
365 2529 481 2563 supra
508 2530 526 2551 ο
554 2518 595 2552 H
619 2517 742 2551 mundi
772 2518 808 2551 J:
916 2518 1001 2562 quia
1026 2517 1185 2552 HMFP
1307 2517 1349 2551 18
1378 2517 1651 2551 sanctimoniam
1677 2527 1743 2551 sec.

225 2576 339 2622 Vulq..
364 2589 408 2611 m.
437 2580 455 2611 1
480 2588 570 2611 corr.
597 2577 915 2611 sanctificationem
946 2576 978 2610 L
1089 2575 1362 2621 poterit‘uideri
1390 2576 1494 2609 deum
1526 2574 1602 2608 HF
1623 2578 1746 2619 potest

220 2635 321 2671 deum
361 2636 481 2670 uidere
527 2635 694 2677 TT¹OL;
740 2635 841 2680 Vuly.
882 2635 1021 2669 uidebit
1060 2635 1252 2683 dominum,
1289 2635 1352 2669 Gr.
1387 2633 1508 2679 ὄψεται
1540 2634 1596 2666 τὸν
1629 2633 1746 2674 κύριον

220 2695 264 2730 20
290 2696 393 2730 deum
421 2707 486 2731 om.
521 2696 551 2729 T
647 2707 667 2729 a
692 2706 758 2730 om.
787 2695 827 2729 H
852 2701 908 2730 (ηι.
938 2698 955 2729 1
982 2694 1084 2737 add.)
1112 2694 1145 2729 L
1254 2694 1395 2735 babolo,
1424 2704 1494 2726 ras.
1524 2697 1555 2727 et
1581 2704 1671 2728 corr.
1700 2703 1744 2726 m.

220 2757 259 2788 ut
283 2754 358 2789 uid.
387 2758 404 2788 1
430 2754 574 2788 diabolo
602 2754 636 2788 P
732 2765 791 2788 eos
818 2765 897 2791 om..
927 2766 969 2788 m.
998 2756 1015 2787 1
1042 2753 1128 2787 add.
1156 2753 1190 2787 L
