1952 3118
89 962 121 989 10

87 1315 121 1344 15

85 1673 118 1698 20

620 177 993 226 'epistularum
1033 181 1186 217 CXLIX.
1595 185 1680 225 349

152 312 276 353 homo
311 325 389 354 non
423 313 559 354 solum
593 311 712 353 bonis
747 312 944 366 operibus
979 307 1052 354 sed
1080 313 1204 355 etiam
1235 313 1390 355 sanctis
1419 313 1679 355 orationibus

147 383 252 424 tuis.
1057 394 1059 396 ·
1290 394 1292 397 ’

146 483 148 485 >
209 453 402 495 Litterae·
443 466 542 495 sane
591 453 874 495 uenerationis
924 455 1035 503 tuae,
1086 454 1159 495 ubi
1203 454 1340 496 multa
1390 454 1595 508 quaesisti
1640 458 1680 497 et

151 524 384 577 quaerenda
417 524 673 566 admonuisti
707 527 747 565 et
780 525 1013 577 quaerendo
1053 524 1250 568 docuisti.
1289 525 1341 566 ad
1379 538 1444 566 me
1483 539 1679 579 peruene-

145 597 257 636 runt.
298 594 369 635 sed
410 608 512 647 quas
545 595 636 649 ipse
669 595 865 636 continuo
897 595 1094 649 rescripsi
1128 608 1200 648 per
1231 595 1420 637 homines
1454 596 1676 637 eorundem

148 668 387 707 sanctorum
428 666 682 708 solaciorum·
721 670 972 716 nostrorum,
1016 666 1126 708 sicut
1159 666 1226 708 his
1258 667 1343 708 tuis
1376 667 1678 708 recentioribus

149 737 344 791 comperi.
380 750 458 778 non
493 741 591 778 sunt
622 737 807 779 redditae
834 734 1091 779 uenerationi
1117 739 1227 779 tuae.
1258 737 1299 778 in
1328 738 1481 790 quibus
1509 738 1676 791 quidem

148 810 352 859 quatenus
386 808 438 849 ad
470 808 725 862 interrogata
755 808 1057 861 responderim,
1096 807 1280 849 recolere
1318 820 1399 849 non
1433 808 1573 850 eualui
1604 821 1677 850 nec

147 892 286 920 earum
321 880 558 932 exemplum
591 892 684 921 cuni
719 879 1007 932 requisissem,
1048 879 1120 920 ubi
1160 879 1239 921 hoo
1277 892 1446 933 possem
1481 892 1676 934 recogno—

147 962 274 1000 scere,
301 950 457 991 inueni.
486 950 536 991 ad
565 950 763 991 nonnulla
788 963 854 991 me
880 952 1020 991 tamen
1046 950 1316 1003 respondisse
1344 953 1482 992 certus
1510 951 1676 992 omnino

147 1034 238 1062 sum
281 1023 323 1062 et
358 1021 451 1062 ideo
492 1034 570 1062 non
612 1021 662 1062 ad
702 1021 853 1063 omnia.
894 1021 1004 1075 quia,
1043 1023 1090 1062 ut
1130 1021 1212 1062 cito
1251 1021 1424 1072 finirem,
1463 1021 1677 1063 festinatio

140 1092 365 1145 >perlatoris
409 1092 598 1147 urgebat.
644 1092 770 1133 simul
815 1092 939 1134 etiam
987 1092 1198 1135 miseram.
1243 1092 1355 1134 sicut
1393 1092 1592 1143 iusseras,
1638 1096 1678 1134 et

144 1163 260 1205 iliius
288 1164 495 1216 epistulae
523 1164 774 1217 exemplum,
803 1177 907 1217 quae
934 1166 1031 1205 tuae
1059 1164 1223 1205 caritati
1250 1163 1360 1217 apud
1383 1164 1675 1218 Carthaginem

147 1235 195 1275 de
230 1247 448 1288 corporum
481 1235 786 1276 resurrectione
819 1235 1127 1289 rescripseram,
1166 1235 1239 1276 ubi
1273 1235 1322 1276 de
1356 1249 1437 1277 usu
1470 1235 1675 1276 membro·

145 1319 236 1347 runi
277 1309 416 1347 exorta
455 1309 542 1348 erat
576 1307 780 1359 quaestio.
822 1319 929 1347 nunc
964 1319 1060 1361 ergo
1095 1308 1137 1348 et
1174 1307 1253 1348 hoc
1292 1306 1389 1347 misi
1422 1308 1465 1347 et
1496 1307 1673 1347 alterum

144 1376 329 1426 alterius,
362 1377 459 1430 quia
491 1389 565 1418 nec
598 1377 731 1429 ipsam
760 1376 801 1417 in
836 1390 983 1417 manus
1017 1380 1113 1418 tuas
1147 1377 1390 1429 peruenisse
1423 1376 1579 1418 conieci
1614 1389 1675 1419 e0.

144 1447 255 1499 quod
292 1447 443 1489 iterum
484 1448 753 1502 interrogasti
799 1449 1016 1502 quaedam,
1064 1461 1167 1501 quae
1211 1448 1294 1488 iam
1334 1460 1399 1489 me
1439 1448 1478 1488 in
1525 1461 1572 1489 ea
1616 1460 1675 1488 re-

144 1518 363 1572 spondisse
408 1520 502 1574 lego
549 1522 591 1561 et
635 1533 829 1574 agnosco.
875 1520 948 1561 sed
992 1520 1116 1561 istam
1162 1532 1234 1572 per
1273 1531 1395 1571 quem
1442 1518 1674 1561 direxerim.

141 1591 296 1632 nescio.
324 1591 481 1643 scripta
508 1591 661 1644 quippe
689 1591 875 1632 caritatis
902 1594 1014 1639 tuae,
1049 1590 1201 1643 quibus
1236 1603 1326 1631 eam
1354 1589 1530 1640 reddidi,
1565 1590 1676 1631 sicut

146 1662 269 1703 etiam
316 1662 407 1716 ipsa
451 1662 620 1712 indicat,
666 1663 798 1703 missa
843 1665 941 1703 sunt
984 1661 1090 1702 milii
1134 1662 1185 1702 ab
1223 1661 1418 1715 Hippone
1451 1674 1471 1702 a
1505 1661 1674 1702 nostris.

144 1747 238 1774 cum
278 1746 414 1775 essem
461 1734 571 1787 apud
616 1736 808 1775 sanctum
854 1734 1022 1774 fratrem
1063 1735 1104 1774 et
1141 1733 1439 1786 coepiscopum
1484 1735 1672 1774 nostrum

143 1804 415 1854 Bonifatium,
442 1829 498 1834 -
526 1817 619 1845 nam
649 1817 791 1846 eorum
825 1804 1075 1857 perlatorem
1103 1816 1180 1844 nou
1209 1803 1297 1844 uidi
1326 1828 1381 1833 —
1408 1805 1450 1844 et
1477 1803 1672 1844 continuo

141 1876 345 1928 rescripta
377 1888 454 1917 non
489 1876 650 1917 distuli.

191 2003 207 2036 1
237 2003 333 2036 solus
367 2002 399 2036 V
488 2002 655 2047 operibus
682 2014 749 2038 om.
776 2002 816 2036 H
890 2003 910 2037 3
938 2013 1044 2036 sanae
1071 2002 1144 2036 AG
1173 2004 1282 2046 (post.
1311 2013 1330 2036 a
1358 2001 1441 2044 del.)
1529 2001 1670 2046 quaesi-

143 2062 203 2095 isti
230 2062 269 2096 H
295 2074 329 2095 m
449 2063 470 2095 4
498 2062 713 2106 quaerenda,
739 2073 783 2095 m.
812 2064 837 2096 2
864 2061 1066 2106 quaerendo
1094 2061 1135 2094 K
1273 2061 1479 2095 admonusti
1505 2061 1606 2104 (sies)
1643 2060 1674 2093 V

190 2121 406 2155 admonuisti
436 2125 471 2155 et
498 2120 702 2165 quaerendo
730 2120 885 2155 docuisti
912 2132 992 2161 om.,
1012 2132 1056 2154 m.
1079 2123 1104 2154 2
1123 2121 1163 2154 in
1189 2131 1302 2165 τηαν-ῃ.
1331 2120 1416 2154 add.
1439 2119 1481 2153 K
1528 2121 1548 2151 ἵ)
1568 2119 1669 2164 quasi

143 2180 215 2225 ipse
246 2180 327 2214 MA
495 2180 515 2214 6
549 2183 751 2214 nostrorum
792 2189 843 2219 (ro
877 2191 921 2214 m.
957 2183 975 2213 1
1006 2192 1032 2215 s.
1066 2182 1117 2222 u.)
1160 2178 1189 2212 V
1221 2187 1354 2223 nostro,
1391 2191 1434 2213 m.
1470 2183 1510 2213 ut
1539 2179 1615 2213 uid.
1645 2180 1669 2212 2

141 2242 340 2274 nostrorum
368 2239 411 2272 H
528 2240 548 2273 8
575 2239 798 2283 interrogata
823 2241 933 2282 (post.
961 2250 981 2273 a
1007 2250 1049 2273 ex
1075 2249 1164 2274 corr.
1194 2250 1234 2272 mv
1263 2241 1296 2281 1>
1324 2239 1366 2273 H
1462 2239 1559 2272 ualui
1586 2238 1674 2272 HM

142 2301 200 2341 (m.
227 2302 246 2332 1
274 2310 363 2333 corr.
392 2298 524 2342 eualui)
551 2298 630 2332 edd.
705 2298 725 2332 9
754 2309 872 2332 earum
904 2309 937 2333 (a
963 2310 1007 2334 m.
1035 2302 1053 2332 1
1077 2309 1103 2332 s.
1132 2300 1182 2341 u.)
1211 2297 1243 2331 V
1339 2298 1548 2343 exemplum,
1576 2308 1620 2331 m.
1644 2300 1668 2330 2

140 2357 156 2391 l
181 2358 358 2402 exemplar
383 2357 418 2391 P
490 2368 630 2402 possem
657 2368 723 2390 οηι.
751 2357 792 2391 Κ
870 2368 1082 2401 cognoscere
1110 2360 1168 2400 (m.
1198 2361 1215 2391 1
1241 2367 1331 2392 corr.
1360 2359 1628 2401 recognoscere>
1649 2361 1669 2390 ῑι

141 2417 261 2450 iuueni
293 2416 322 2449 V
379 2416 420 2450 10
447 2416 620 2450 nonnulla
644 2419 765 2450 tamen
792 2418 825 2450 A
853 2416 1025 2451 nonnulla
1050 2419 1171 2451 tamen
1199 2428 1255 2450 nie
1282 2416 1362 2451 edd.
1423 2416 1461 2449 11
1491 2427 1561 2449 nou
1589 2426 1668 2450 om..

140 2486 185 2509 m.
212 2477 238 2510 2
264 2475 349 2509 add.
375 2475 417 2509 K
560 2475 620 2519 qui
652 2479 726 2518 aut,
757 2487 800 2510 m.
831 2477 856 2509 2
888 2476 972 2519 quia
1005 2479 1044 2510 ut
1072 2475 1105 2510 G
1140 2487 1230 2520 quae
1263 2479 1321 2519 (m.
1350 2477 1375 2509 2
1399 2475 1415 2508 i'
1442 2476 1539 2519 quia)
1567 2478 1605 2508 ut
1635 2475 1670 2508 P

144 2534 186 2568 13
213 2534 423 2579 exemplum,
449 2545 494 2568 m.
523 2536 547 2567 2
571 2534 588 2567 X
614 2535 793 2579 exemplar
819 2535 853 2568 P
949 2536 1054 2579 quae]
1083 2546 1189 2579 quani
1216 2535 1287 2568 PG
1314 2534 1412 2576 edd.;
1439 2535 1484 2578 (f.
1512 2533 1670 2567 Kiihner

142 2594 323 2637 ausft't'hrl.
349 2594 511 2627 Gramm.
534 2594 597 2627 der
623 2594 688 2628 lat.
715 2594 796 2638 Spr.
819 2594 868 2628 ΙΙ
890 2594 915 2639 ξ
942 2597 1001 2637 17,
1026 2597 1048 2629 6
1120 2594 1278 2628 Karitati
1305 2597 1389 2627 ‘tuae
1419 2593 1450 2627 V
1499 2593 1541 2626 14
1563 2604 1667 2626 uiciu-

142 2652 282 2686 brorum
309 2664 376 2687 om.
406 2653 439 2686 G
515 2653 557 2686 15
585 2656 620 2686 ct
646 2652 727 2697 hoc}
757 2655 793 2687 et
820 2664 885 2696 ego
914 2654 980 2688 hoc
1006 2653 1042 2687 P
1125 2654 1165 2687 16
1193 2653 1318 2695 conici,
1346 2664 1387 2687 m.
1418 2655 1442 2686 2
1467 2652 1604 2685 conicio
1636 2651 1666 2685 G

145 2713 187 2745 18
206 2711 286 2756 lege
307 2715 343 2746 et
364 2723 518 2756 agnosce
538 2710 581 2744 K
652 2713 722 2746 ista
743 2712 901 2746 HMAP
921 2723 944 2746 a
959 2714 1010 2756 ef
1052 2707 1056 2713 ’
1079 2712 1226 2747 dixerim
1247 2712 1323 2746 IIG
1346 2714 1402 2754 (m.
1421 2714 1445 2744 2
1465 2710 1667 2745 direxerim)

142 2770 188 2805 ‘20
207 2771 319 2816 ipsam
340 2772 448 2813 dicat,
464 2783 506 2806 m.
524 2775 542 2805 1
558 2782 649 2806 corr.
671 2773 748 2816 ipsa
769 2771 881 2805 idio-at
895 2771 931 2805 P
1002 2771 1047 2806 ad
1064 2771 1097 2806 G
1172 2771 1337 2816 ippouea.
1356 2771 1582 2815 721.,;)ippon·}
1597 2781 1616 2803 a
1635 2769 1667 2803 G
