1952 3118
90 351 264 392 XX149

303 227 386 266 :524
774 225 808 259 S.
849 226 1030 259 Aureli
1069 226 1357 270 Augustini

358 355 411 395 Et
438 355 486 395 de
509 355 712 407 spiritalis
741 355 909 408 quidem
937 355 1120 407 corporis
1149 356 1366 408 qualitate.
1395 356 1506 409 quod
1532 358 1827 398 resurrecturis

299 426 573 480 promittitur.
602 427 671 467 uel
699 426 858 467 discere
886 426 1045 479 aliquid
1072 427 1206 468 adhuc
1233 428 1299 467 uel
1333 439 1527 479 quaerere
1560 440 1640 469 non
1666 440 1827 478 recuso,

300 498 334 537 si
374 501 514 538 tamen
555 497 603 537 de
643 497 719 537 hac
760 509 800 536 re
842 496 1105 550 disputantes
1146 497 1232 538 illis
1273 497 1390 538 uitiis
1431 509 1568 539 carere
1600 499 1828 551 possimus,

300 581 404 621 quae
430 569 680 621 plerumque
708 568 860 609 studiis
887 568 1083 609 humanis
1107 571 1147 609 et
1175 568 1556 610 concertationibus
1585 569 1827 619 excitantur,

300 639 399 680 dum
422 652 584 692 supra,
613 652 754 692 quam
783 640 1026 692 scriptum
1049 642 1138 681 est.
1166 653 1291 681 unus
1320 652 1402 693 pro
1432 640 1590 680 altero
1617 639 1830 681 infletur
1873 656 1888 681 5

301 710 543 751 aduersus
579 710 804 759 alterum,
832 724 894 753 ne.
925 710 1024 751 dum
1058 710 1293 752 altercando
1328 710 1569 764 quaerimus
1602 712 1827 765 uestigare.

300 794 382 834 quo
405 781 527 823 modo
550 782 686 835 possit
706 782 841 823 uideri
863 782 979 823 deus.
1001 782 1136 835 ipsam
1158 795 1326 835 pacem
1348 782 1829 823 sanctificationem-

300 865 391 905 que
423 852 662 906 perdamus,
697 854 803 894 sine
832 865 922 906 qua
950 866 1088 894 nemo
1116 853 1306 906 poterit
1335 853 1503 894 uidere
1531 852 1690 902 deum;
1719 853 1830 906 quod

298 924 388 976 ipse
416 926 578 964 auertat
600 937 621 964 a
642 924 838 965 cordibus
859 925 1029 974 nostris,
1051 926 1098 965 ut
1121 937 1167 964 ea
1189 937 1287 965 suae
1311 923 1655 976 contemplationi
1675 923 1831 965 munda

299 994 445 1035 reddat
489 997 614 1047 atque
660 995 883 1036 custodiat.
933 995 1038 1035 illud
1084 999 1222 1035 tamen
1268 994 1367 1048 quia
1410 1007 1488 1035 non
1536 994 1698 1046 dubito,
1749 1007 1829 1036 non
1857 1014 1890 1038 10

300 1065 477 1118 requiro,
524 1065 635 1118 quod
681 1066 747 1107 dei
790 1068 939 1107 natura
989 1079 1218 1119 numquam
1263 1066 1459 1107 uideatur
1501 1065 1542 1106 in
1589 1066 1695 1107 loco.
1747 1066 1829 1106 iam

300 1139 441 1177 utrum
482 1136 617 1190 possit
658 1137 785 1178 huius
832 1138 1015 1190 corporis
1062 1137 1196 1178 oculis
1241 1137 1377 1178 uideri
1421 1137 1593 1190 aliquid.
1641 1137 1753 1191 quod
1789 1137 1830 1178 in

299 1209 391 1249 loco
425 1221 503 1249 non
541 1208 719 1257 uidetur,
755 1209 803 1248 ab
832 1208 906 1250 eis.
941 1208 1012 1262 qui
1040 1208 1118 1250 hoc
1145 1208 1288 1250 ualent
1315 1209 1829 1250 disserendo-monstrare.

299 1292 394 1320 cum
427 1291 528 1331 pace
563 1279 801 1320 dilectionis
835 1279 978 1320 audire
1011 1282 1181 1333 paratus
1217 1293 1310 1321 sum
1345 1283 1398 1330 et,
1433 1280 1545 1334 quod
1575 1293 1641 1321 me
1672 1283 1829 1327 mouet,

295 1351 336 1391 in
378 1363 596 1391 commune
638 1351 836 1392 conferre.
885 1353 983 1391 sunt
1021 1352 1128 1392 enim
1172 1351 1355 1404 quidam,
1403 1352 1474 1404 qui
1519 1351 1642 1392 deum
1689 1351 1829 1404 ipsum
1860 1368 1891 1393 15

298 1422 463 1463 omnino
511 1434 662 1474 corpus
708 1435 800 1463 esse
845 1426 1121 1476 praesumunt
1170 1425 1381 1476 putantes.
1435 1423 1633 1476 quicquid
1680 1435 1830 1475 corpus

297 1506 376 1534 non
411 1496 488 1542 est,
528 1493 685 1534 nullam
725 1506 897 1546 prorsus
938 1506 1031 1535 esse
1071 1494 1366 1536 substantiam.
1409 1494 1515 1535 istos
1555 1494 1665 1535 omni
1705 1494 1828 1535 modo

298 1564 552 1606 auersandos
581 1576 741 1606 censeo.
769 1568 868 1605 sunt
894 1566 1036 1606 autem
1063 1564 1133 1605 alii
1161 1564 1285 1605 deum
1314 1565 1482 1618 quidem
1510 1565 1650 1617 ipsum
1679 1577 1827 1617 corpus

298 1648 377 1676 non
423 1648 514 1676 esse
560 1636 730 1677 minime
776 1635 1033 1687 dubitantes,
1086 1636 1158 1677 sed
1208 1636 1301 1677 ideo
1348 1649 1433 1686 eos,
1484 1636 1555 1689 qui
1600 1636 1651 1677 ad
1696 1636 1828 1677 uitam

299 1709 511 1747 aeternam
550 1708 783 1761 resurgent,
829 1707 956 1748 etiam
994 1720 1067 1759 per
1105 1720 1256 1761 corpus
1297 1707 1421 1748 deum
1460 1708 1627 1749 uisuros
1667 1709 1828 1761 putant,
1855 1724 1887 1748 20

300 1778 497 1830 quoniam
530 1778 657 1818 talem
691 1779 858 1830 sperant
891 1778 1093 1832 spiritalis
1123 1778 1307 1832 corporis
1336 1778 1596 1832 qualitatem,
1629 1780 1678 1819 ut
1703 1778 1830 1819 etiam

298 1851 401 1902 ipsa.
437 1861 541 1902 quae
575 1861 669 1891 caro
703 1849 853 1899 fuerat,
889 1849 1062 1902 spiritus
1096 1849 1179 1890 fiat.
1214 1850 1327 1902 quod
1355 1850 1387 1890 si
1422 1849 1480 1890 ita
1514 1851 1591 1898 est,
1626 1851 1829 1901 quantum

301 1921 429 1962 distet
449 1933 470 1961 a
492 1920 703 1973 superiore
731 1920 924 1973 opinione
946 1923 988 1962 et
1009 1933 1132 1973 quam
1154 1920 1233 1961 hoc
1262 1921 1317 1960 sit
1343 1920 1618 1970 tolerabilius,
1647 1920 1770 1961 etiam
1794 1920 1828 1960 si

298 2005 447 2033 uerum
480 2004 559 2032 non
599 1992 668 2042 sit,
708 1994 809 2046 puto
848 1992 1049 2033 facillime
1087 1992 1282 2032 iudicari:
1321 1992 1470 2045 primo,
1511 1992 1607 2044 quia
1645 1992 1828 2031 multum

298 2063 487 2104 interest.
539 2065 682 2104 utrum
728 2063 776 2104 de
829 2065 1012 2104 creatore
1065 2076 1113 2103 an
1160 2063 1208 2103 de
1261 2065 1446 2104 creatura
1499 2062 1620 2103 aliter
1670 2061 1829 2114 aliquid
1854 2079 1888 2103 -25

301 2135 520 2176 sentiatur.
568 2148 690 2187 quam
733 2134 887 2175 ueritas
929 2135 1072 2176 habet:
1120 2134 1280 2175 deinde.
1321 2134 1416 2186 quia
1457 2138 1630 2175 conatus
1674 2133 1827 2174 mentis

422 2275 441 2307 5
469 2272 485 2305 Ι
514 2272 593 2308 Cor.
621 2274 654 2313 4,
682 2274 702 2306 (3
779 2274 797 2307 7
825 2273 934 2307 Hebr.
966 2273 1019 2310 12,
1049 2273 1091 2306 14

351 2356 364 2389 1
396 2356 551 2400 spiritali
577 2356 626 2389 M
754 2356 1037 2390 resurrectionis.
1067 2367 1108 2389 m.
1138 2358 1154 2388 1
1182 2366 1272 2390 corr.
1300 2355 1551 2389 resurrecturis
1578 2355 1626 2388 M
1744 2355 1763 2388 3
1791 2366 1827 2388 rc

300 2426 379 2450 om..
407 2427 449 2449 m.
479 2417 503 2449 2
531 2415 616 2448 add.
649 2415 677 2449 Ο
800 2415 1021 2459 disputantis
1048 2414 1170 2449 ΗΜΛ
1298 2425 1387 2457 care,
1415 2426 1458 2450 m.
1486 2417 1504 2447 1
1531 2425 1620 2448 corr.
1649 2424 1766 2448 carere
1793 2413 1831 2447 F

347 2486 536 2519 possumus
569 2474 634 2508 TO
690 2476 709 2508 6
738 2475 958 2518 inuestigare
984 2473 1101 2508 MFL
1127 2485 1161 2507 m
1218 2475 1236 2508 Τ
1265 2473 1349 2507 deus
1378 2473 1491 2507 uideri
1518 2474 1550 2507 L
1606 2473 1626 2507 8
1653 2472 1768 2506 uideri
1787 2472 1829 2506 H

301 2538 321 2567 9
348 2534 427 2578 ipsa
458 2533 558 2567 TOL
648 2533 688 2567 lo
715 2532 842 2567 reddet
868 2533 902 2566 L
990 2533 1031 2567 12
1059 2533 1194 2574 uidere,
1220 2543 1264 2568 m.
1293 2534 1317 2566 2
1343 2532 1456 2565 uideri
1483 2532 1518 2566 P
1597 2532 1638 2566 13
1666 2532 1731 2565 hoc
1759 2541 1825 2566 om.

302 2592 497 2626 HMFAP
522 2592 599 2628 edd.
622 2596 771 2636 praeter
796 2604 830 2625 m
907 2592 949 2626 14
977 2603 1054 2625 cum
1081 2596 1167 2636 pace
1198 2593 1255 2632 (ω
1284 2595 1389 2625 eras)
1419 2591 1454 2624 P
1526 2590 1767 2624 dilectationis
1789 2589 1831 2622 H

348 2652 413 2685 sim
441 2652 475 2684 P
567 2651 608 2685 16
637 2662 714 2685 esse
740 2662 820 2686 om..
848 2663 891 2684 m.
922 2656 939 2684 1
967 2651 1052 2684 add.
1080 2650 1127 2683 M
1212 2651 1252 2684 17
1281 2650 1375 2683 omni
1402 2649 1522 2693 modo]
1552 2649 1694 2682 omnino
1728 2648 1826 2682 TOL

303 2711 344 2744 18
370 2715 456 2754 post
482 2713 601 2744 autem
630 2721 701 2744 ras.
729 2712 826 2743 2—55
855 2710 875 2745 l.
904 2709 937 2742 L
1035 2709 1113 2742 alii.
1136 2709 1177 2742 H
1249 2708 1292 2742 20
1319 2713 1510 2751 resurgunt
1540 2707 1605 2741 TL
1678 2708 1721 2740 22
1745 2711 1827 2750 post

300 2771 376 2814 ipsa
404 2781 476 2804 ras.
505 2772 597 2803 1-2
623 2770 646 2803 Ζ.
674 2769 707 2803 L
829 2770 872 2803 23
902 2780 921 2802 a
947 2769 1120 2813 superiori
1146 2769 1176 2802 T
1202 2768 1280 2802 edd.
1310 2769 1499 2812 asperiore,
1527 2779 1570 2801 m..
1594 2769 1618 2800 2
1644 2778 1664 2801 a
1689 2767 1825 2811 superi-

301 2840 359 2863 ore
393 2830 422 2863 ί)
521 2829 710 2863 tolerabile
739 2829 773 2861 P
