1952 3118
55 948 86 974 10

54 1303 86 1328 15

647 164 1001 208 epistularum
1042 162 1182 199 CLVII.
1555 166 1639 206 455

114 294 267 348 quippe
293 294 410 335 uelut
436 294 616 347 pondere
643 307 781 335 amore
808 295 951 335 fertur.
981 307 1246 348 quocumque
1276 294 1418 336 fertur.
1448 294 1641 335 iubemur

113 366 255 419 itaque
288 365 504 406 detrahere
531 365 580 406 de
612 365 791 418 pondere
831 365 1090 419 cupiditatis.
1123 365 1234 418 quod
1267 365 1437 407 accedat
1468 365 1641 418 ponderi

117 436 316 486 caritatis,
350 436 479 477 donec
511 435 620 477 illud
652 439 936 478 consumatur.
972 436 1050 477 hoc
1084 435 1342 489 perficiatur:
1378 436 1638 489 plenitudo

116 507 225 549 enim
257 507 387 561 legis
427 506 625 549 caritas.
666 510 707 548 et
739 510 879 548 tamen
914 507 963 548 de
997 507 1088 560 ipsa
1121 507 1377 548 continentia
1409 506 1505 548 uide
1539 506 1640 560 quid

116 578 320 632 scriptum
353 578 425 619 sit:
472 578 529 618 Et
569 590 676 619 cum
716 578 908 627 scirem,
954 577 1104 631 inquit.
1143 578 1256 631 quia
1295 590 1431 619 nemo
1471 581 1639 632 potest

115 661 222 690 esse
274 650 549 699 continens,
607 648 704 690 nisi
755 648 875 690 deus
934 648 1029 690 det.
1088 650 1134 689 et
1185 648 1274 689 hoc
1325 648 1486 702 ipsum
1535 652 1639 690 erat

115 719 405 774 sapientiae,
435 720 578 769 scire,
607 720 751 762 cuius
780 721 916 761 esset
938 720 1026 761 hoc
1049 719 1241 768 donum,
1270 719 1368 760 adii
1390 719 1637 760 dominum

115 794 162 833 et
192 791 488 845 deprecatus
530 804 634 832 sum
673 791 828 832 illum.
868 790 1072 844 numquid
1107 790 1228 831 dixit:
1262 790 1313 831 Et
1346 803 1442 831 cum
1475 790 1637 839 scirem,

114 861 210 914 quia
246 874 367 903 nemo
411 864 552 915 potest
597 874 689 903 esse
731 862 947 903 continens
987 861 1067 902 nisi
1105 874 1179 914 per
1211 861 1424 915 proprium
1458 861 1637 902 liberum

113 933 344 982 arbitrium,
378 936 418 975 et
451 934 529 975 hoc
562 934 701 987 ipsum
736 936 824 974 erat
856 933 1100 986 sapientiae.
1135 932 1240 974 scire
1269 945 1289 973 a
1323 945 1388 973 me
1419 932 1512 986 ipso
1546 945 1638 974 esse

113 1005 191 1046 hoc
217 1004 402 1046 bonum?
436 1018 514 1046 non
548 1006 669 1058 plane
697 1005 774 1046 hoo
801 1004 916 1053 dixit,
946 1004 1056 1058 quod
1085 1003 1254 1057 quidam
1281 1003 1322 1044 in
1350 1016 1425 1045 sua
1451 1003 1637 1044 uanitate

114 1075 270 1126 dicunt,
304 1075 378 1117 sed
412 1075 522 1129 quod
555 1076 635 1117 fuit
662 1076 703 1117 in
732 1078 898 1117 sanctae
927 1076 1156 1129 scripturae
1182 1075 1359 1116 ueritate
1393 1074 1635 1115 dicendum:

115 1146 231 1189 Cum
264 1147 456 1197 scirem,
494 1148 645 1201 inquit,
686 1148 800 1201 quia
833 1160 968 1189 nemo
1002 1149 1173 1201 potest
1211 1159 1319 1187 esse
1361 1145 1634 1193 continens,

112 1218 209 1260 nisi
243 1218 361 1260 deus
397 1219 488 1261 det.
521 1219 639 1260 iubet
671 1232 768 1273 ergo
796 1218 899 1260 deus
927 1218 1226 1260 continentiam
1255 1220 1296 1259 et-
1321 1217 1390 1259 dat
1424 1217 1636 1258 continen-

111 1290 231 1338 tiam3
271 1290 389 1331 iubet
426 1302 499 1343 per
535 1290 687 1344 legem,
727 1289 798 1331 dat
835 1302 909 1344 per
940 1288 1138 1343 gratiam:
1177 1288 1296 1330 iubet
1327 1301 1399 1341 per
1436 1287 1635 1343 litteram‚

112 1360 182 1402 dat
213 1373 284 1414 per
316 1361 530 1414 spiritum
565 1361 627 1402 lex
662 1361 771 1402 enim
799 1361 887 1402 sine
914 1360 1046 1415 gratia
1073 1360 1173 1401 facit
1198 1359 1407 1401 abundare
1434 1359 1634 1400 delictum

112 1435 152 1472 et
188 1431 363 1473 littera
402 1431 490 1473 sine
528 1431 679 1484 spiritu
720 1431 918 1473 ocsidit.
957 1431 1073 1472 iubet
1110 1430 1219 1473 ideo.
1260 1433 1308 1471 ut
1345 1431 1480 1472 facere
1519 1431 1637 1472 iussa

111 1503 249 1545 conati
287 1505 330 1544 et
366 1503 407 1544 in
446 1505 588 1544 nostra
632 1502 874 1544 infirmitate
919 1503 997 1543 5111)
1042 1502 1136 1557 lege
1174 1502 1341 1557 fatigati
1379 1501 1634 1543 adiutorium

109 1573 266 1628 gratiae
299 1586 471 1627 poscere
498 1573 741 1615 nouerimus
769 1575 824 1622 et,
858 1573 894 1614 si
922 1572 1022 1626 quid
1048 1573 1182 1614 facere
1209 1571 1470 1625 potuerimus
1498 1572 1634 1625 operis

110 1644 221 1687 boni.
255 1644 306 1685 ei.
341 1644 411 1697 qui
445 1644 632 1687 adiuuat.
666 1657 745 1686 non
780 1644 913 1685 simus
947 1643 1114 1697 ingrati.
1149 1644 1226 1685 hoc
1255 1645 1296 1684 et
1327 1643 1408 1684 iste
1441 1643 1558 1689 fecit:
1592 1643 1634 1684 id

109 1715 217 1756 enim
252 1728 347 1756 eum
381 1715 586 1769 sapientia
619 1715 775 1763 docuit,
811 1715 931 1756 cuius
968 1717 1080 1756 esset
1113 1714 1190 1755 hoc
1225 1714 1394 1755 donum.

167 1786 312 1839 Neque
346 1786 454 1827 enim
482 1785 715 1843 uoluntatis
744 1786 961 1827 arbitrium
988 1786 1082 1828 ideo
1110 1785 1290 1834 tollitur,
1325 1785 1421 1838 quia
1447 1784 1633 1834 iuuatur,

109 1857 180 1898 sed
211 1857 302 1899 ideo
335 1857 518 1907 iuuatur,
559 1857 654 1911 quia
694 1870 774 1899 non
807 1857 983 1899 tollitur.
1024 1856 1095 1909 qui
1134 1856 1243 1898 enim
1277 1855 1352 1897 deo
1393 1855 1512 1897 dicit:
1546 1855 1633 1896 Ad-

224 1985 243 2019 3
271 1985 372 2019 Rom.
403 1986 456 2020 13.
487 1986 527 2019 10
602 1986 623 2019 5
650 1985 732 2029 Sap.
759 1986 792 2021 8.
820 1986 860 2018 21
942 1985 983 2019 16
1011 1984 1112 2019 Rom.
1141 1986 1172 2027 5,
1199 1984 1243 2018 20
1316 1985 1356 2018 17
1385 1983 1419 2017 II
1446 1983 1524 2018 Cor.
1552 1984 1583 2025 3,
1612 1983 1631 2017 6

108 2043 152 2077 23
177 2044 234 2078 Ps.
260 2044 316 2087 26,
343 2044 363 2078 9

153 2115 174 2148 2
200 2113 243 2148 ‹le
271 2114 436 2159 pondere]
466 2113 644 2160 deponere
672 2115 705 2148 l’
731 2114 877 2159 ponderi
906 2114 931 2156 (i
958 2125 1000 2148 ea·
1026 2124 1130 2155 corr„
1148 2114 1229 2158 fuit
1257 2116 1288 2157 0)
1316 2113 1347 2146 L
1493 2113 1631 2158 cupita-

106 2173 155 2208 tis
186 2174 217 2208 Τ
358 2173 512 2220 pondere
549 2174 649 2209 COI’
679 2173 723 2207 ad
757 2173 895 2218 pondus
933 2173 964 2207 T
994 2173 1074 2209 edd.
1220 2173 1240 2207 3
1275 2176 1541 2207 consummatur
1570 2172 1632 2206 Co

106 2234 127 2266 4
153 2232 258 2277 legis]
286 2233 377 2278 legis
405 2236 460 2268 est
492 2232 666 2277 'I'slrm
693 2243 759 2269 sec.
785 2232 889 2277 Vulsl.
940 2234 959 2265 ἵ)
990 2242 992 2249 ’
1035 2232 1179 2277 lspotcst
1207 2242 1283 2266 esse
1308 2230 1338 2265 C
1360 2234 1446 2274 (ras.
1476 2234 1574 2265 :2--3
1595 2232 1631 2272 I.)

112 2291 142 2325 Ο
166 2291 221 2334 (in
247 2303 319 2326 ras.
344 2292 419 2335 fuit
446 2295 536 2334 0550)
565 2303 641 2326 0550
669 2294 787 2337 potest
817 2291 936 2332 I’LT‚·
963 2294 1009 2335 (s.
1036 2302 1071 2325 τι.
1101 2294 1144 2324 13·
1216 2291 1237 2325 6
1265 2290 1361 2335 ipsut
1388 2293 1463 2324 erat
1490 2291 1629 2334 sapien-

109 2349 161 2384 tia
185 2350 221 2383 P
267 2351 286 2384 7
314 2350 404 2385 adiit
431 2352 466 2385 P
513 2352 534 2385 8
561 2353 725 2396 precatus
757 2350 837 2393 C'();
863 2352 909 2394 (f.
933 2363 970 2394 1¹·
1002 2352 1090 2392 456,
1114 2352 1135 2384 4
1162 2354 1193 2384 et
1223 2352 1243 2383 5
1300 2350 1320 2384 9
1348 2360 1424 2383 0550
1451 2352 1570 2393 potest
1603 2348 1634 2381 Τ

113 2408 156 2443 10
181 2409 283 2454 ipsud
311 2409 346 2443 P
420 2409 487 2444 hoc
514 2421 591 2444 esse
625 2410 654 2443 'I'
728 2411 767 2444 11
797 2408 928 2443 donum
957 2408 990 2443 L
1067 2409 1109 2443 12
1136 2412 1281 2443 sanctae
1308 2408 1429 2442 aeccle
1458 2407 1630 2451 scripture

110 2469 243 2503 ‹aeccie
269 2469 352 2512 del.)
379 2470 415 2504 P
547 2470 589 2504 13
616 2480 693 2503 esse
720 2472 841 2514 potest
868 2479 945 2502 csse
974 2468 1007 2501 Γ
1031 2479 1108 2502 esse
1134 2470 1255 2513 potest
1283 2467 1315 2501 L
1343 2467 1443 2502 ald..-
1469 2468 1514 2510 ‹f.
1543 2477 1577 2500 u.
1609 2469 1630 2499 5

112 2527 154 2561 14
179 2527 279 2562 iubet
304 2539 388 2574 ergo
417 2527 502 2563 (10115
530 2529 786 2563 continentiam
815 2538 881 2564 om.
913 2527 976 2561 CO
1028 2528 1069 2561 16
1097 2526 1279 2561 abundare
1306 2525 1391 2560 facit
1424 2525 1454 2559 T
1504 2526 1543 2559 17
1573 2537 1630 2560 oc-

110 2586 179 2620 «idi
203 2587 314 2622 iubet.
341 2588 422 2622 idco
450 2589 482 2622 L
536 2590 577 2622 18
604 2589 638 2622 111
665 2599 732 2622 om.
765 2587 796 2621 T
821 2588 908 2622 lrm
972 2587 1012 2621 19
1039 2586 1124 2621 boni
1150 2587 1267 2631 operis
1295 2586 1326 2619 T
1378 2585 1423 2619 ‘20
1451 2585 1482 2618 ci
1508 2595 1574 2619 om.
1596 2584 1630 2619 L

155 2645 314 2688 adiubat,
345 2658 390 2681 m.
424 2650 449 2681 2
480 2647 629 2681 adiuuat
666 2647 695 2681 C
724 2646 768 2681 ad
809 2647 895 2681 iuat.
928 2646 1013 2680 stilo
1046 2645 1231 2680 cerussam
1261 2655 1349 2678 carr.
1385 2643 1427 2677 ad
1469 2644 1568 2677 iuuat
1601 2643 1634 2677 T

154 2707 240 2750 non}
267 2717 331 2740 1105
359 2706 392 2739 I’
498 2706 539 2740 ‘21
571 2717 649 2740 cum
678 2707 769 2740 enim
801 2706 864 2739 Co
985 2705 1106 2751 docuit
1134 2704 1312 2749 snpientia
1340 2703 1370 2736 11
1474 2702 1518 2735 ’22
1546 2703 1630 2747 quia

110 2762 266 2809 iuuatur!
295 2766 354 2809 qui
382 2764 574 2799 adiuuatur
602 2766 634 2799 Ι)
