1924 3122
24 887 58 929 ΙΙ
87 886 143 928 24
174 904 207 930 ιο

176 1259 210 1285 15

734 120 1086 166 epistularum
1120 119 1257 155 CXXX.
1714 125 1767 165 67

235 251 361 301 distr,
396 252 487 292 aut:
522 251 727 292 ‘Honores
760 262 876 292 meos
910 263 1029 305 auge,
1063 250 1126 292 fae
1160 263 1227 292 me
1259 250 1300 292 in
1334 251 1411 293 hoc
1446 253 1615 295 saeculo
1648 266 1762 307 prae-

234 324 447 376 potentem
481 323 608 374 atque
640 321 896 371 clarentem,
924 321 993 362 uel
1020 321 1055 362 si
1083 321 1182 375 quid
1211 321 1301 363 eius
1334 322 1447 364 modi
1482 325 1559 374 est,
1587 325 1629 365 et
1661 324 1763 365 haec

235 392 338 434 dicit
369 404 513 433 eorum
545 392 702 434 habens
735 391 1121 444 concupiscentiam
1155 405 1233 434 non
1273 391 1316 433 id
1355 392 1597 442 adtendens,
1631 395 1680 435 ut
1716 406 1763 434 ex

234 463 299 505 his
334 463 564 505 secundum
599 463 721 504 deum
755 462 1170 520 prosit'hominibuffi
1197 465 1300 516 puto
1336 475 1431 505 eum
1463 476 1542 505 non
1576 463 1763 506 inuenire

233 534 273 576 in
308 534 492 576 oratione
525 533 748 584 dominica,
777 546 859 587 quo
891 533 1030 587 possit
1054 533 1156 575 haec
1188 535 1289 575 uota
1321 536 1525 587 coaptare.
1559 547 1683 588 quam
1712 536 1763 578 ob

234 618 318 647 rem
351 604 509 659 pudeat
542 605 693 646 saltem
725 605 880 657 petere,
915 616 1021 657 quae
1053 616 1133 645 non
1172 603 1304 658 pudet
1345 617 1509 658 cupere,
1543 608 1616 647 aut
1654 606 1689 647 si
1722 607 1765 648 et

234 675 312 718 hoc
351 675 495 729 pudet,
536 675 610 717 sed
648 675 856 728 cupiditas
895 675 1042 725 uincit,
1082 677 1237 728 quanto
1276 675 1430 717 melius
1470 675 1547 717 hoc
1591 676 1762 729 petitur,

234 748 281 788 ut
307 747 433 788 etiam
461 746 511 788 ab
538 746 620 788 isto
649 745 896 799 cupiditatis
923 746 1033 787 malo
1061 746 1224 796 liberet,
1253 746 1319 788 cui
1354 746 1556 788 dicimus:
1586 747 1764 789 Libera

233 830 320 859 nos
353 830 376 858 a
407 818 554 858 malo!

292 888 448 938 Habes,
495 889 697 942 quantum
743 887 932 938 arbitror,
973 900 1052 929 non
1098 887 1236 930 solum
1282 888 1419 941 qualis
1465 901 1570 940 oreS,
1614 902 1760 931 uerum

234 960 360 1002 etiam
399 959 497 1013 quid
539 972 643 1010 01·eS‚
683 972 763 1001 non
807 972 874 1000 me
919 959 1093 1001 docente
1139 959 1212 1001 sed
1255 959 1342 1009 illo,
1383 959 1454 1013 qui
1498 972 1641 1002 omnes
1687 973 1762 1001 nos

235 1031 381 1073 docere
415 1031 614 1085 dignatus
647 1032 725 1071 est.
758 1030 880 1071 beata
915 1030 1002 1071 uita
1034 1030 1269 1083 quaerenda
1302 1032 1378 1080 est,
1406 1030 1508 1072 haec
1540 1043 1563 1072 a
1594 1031 1760 1072 domino

234 1102 309 1144 deo
336 1101 529 1156 petenda.
564 1101 663 1155 quid
691 1102 747 1143 sit
772 1101 942 1143 beatum
977 1114 1084 1151 esse,
1112 1114 1132 1142 a
1160 1101 1308 1142 multis
1335 1101 1470 1143 multa
1497 1104 1595 1143 sunt
1621 1102 1760 1156 dispu-

234 1175 340 1222 tata;
375 1172 447 1214 sed
480 1185 555 1214 nos
588 1172 639 1213 ad
672 1172 830 1214 multos
865 1175 905 1213 et
937 1172 988 1213 ad
1021 1173 1155 1213 multa
1188 1175 1235 1213 ut
1268 1172 1367 1226 quid
1398 1172 1538 1214 imus?
1576 1173 1761 1214 breuiter

235 1245 274 1285 in
309 1244 515 1297 scriptura
554 1243 621 1285 dei
659 1244 948 1297 ueraciterque
982 1243 1142 1285 dictum
1182 1246 1265 1285 est:
1304 1244 1490 1286 Beatus
1527 1245 1757 1298 populus,

235 1315 378 1356 cuius
413 1317 489 1356 est
521 1315 750 1357 dominus
786 1315 904 1356 deus
937 1315 1116 1368 ipsius.
1150 1315 1189 1356 in
1223 1315 1316 1369 ipso
1350 1317 1504 1369 populo
1544 1318 1593 1357 ut
1624 1315 1758 1357 simus

235 1388 359 1439 atque
392 1385 442 1427 ad
475 1398 569 1428 eum
605 1386 970 1440 contemplandum
1006 1388 1047 1427 et
1080 1399 1174 1427 cum
1209 1399 1256 1427 eo
1290 1386 1377 1427 sine
1410 1385 1490 1427 fine
1528 1386 1757 1428 uiuendum

235 1457 452 1510 peruenire
485 1458 714 1511 possimus,
747 1457 868 1499 finis
902 1457 1160 1510 praecepti
1193 1460 1270 1499 est
1303 1458 1489 1499 caritas
1524 1457 1578 1498 de
1613 1457 1758 1499 corde

235 1542 357 1581 puro
398 1533 445 1570 et
485 1529 799 1570 conscientia
837 1529 963 1570 bona
1002 1531 1048 1570 et
1088 1528 1187 1570 fide
1228 1541 1316 1570 non
1360 1529 1496 1570 ficta.
1530 1528 1570 1569 in
1605 1529 1760 1570 eisdem

360 1691 400 1725 15
427 1690 485 1726 ΡΞ.
517 1691 592 1734 143,
623 1691 664 1726 15
741 1690 782 1725 18
810 1690 826 1724 Ι
853 1690 942 1725 Tim.
972 1691 1002 1734 1,
1030 1693 1050 1725 5

288 1774 302 1807 1
331 1773 523 1807 honoreres
550 1776 601 1816 (re
629 1773 711 1815 del.)
736 1772 778 1807 H
922 1775 1129 1818 pracpotem
1155 1772 1238 1807 ΡΡι
1362 1773 1382 1808 2
1410 1773 1439 1807 si
1466 1773 1567 1818 qnid]
1597 1774 1689 1807 sicut
1716 1773 1764 1807 Pl

286 1832 441 1867 ciusdem
468 1831 565 1866 modi
591 1831 699 1866 HKI
719 1831 922 1866 huiusmodi
954 1831 984 1865 O
1009 1832 1088 1866 edd.
1229 1832 1250 1866 3
1277 1832 1600 1876 concupiscentiam
1628 1832 1764 1866 habens

242 1890 272 1926 O
368 1892 422 1935 ut]
451 1903 519 1926 non
546 1891 610 1926 secl
635 1903 711 1935 exp.
739 1890 774 1925 P
802 1894 838 1925 et
863 1891 915 1925 uti
942 1890 973 1925 L
1096 1891 1118 1925 4
1145 1890 1326 1925 dominum
1355 1891 1389 1925 L
1493 1902 1563 1925 non
1592 1903 1669 1925 eum
1701 1891 1765 1925 oL

238 1953 258 1982 ἴ»
278 1951 377 1995 uota]
398 1953 526 1985 uocata
540 1950 574 1985 L
648 1953 770 1996 aptare
786 1950 987 1985 MFACP2
1035 1951 1056 1985 6
1071 1950 1216 1985 sah-tem
1234 1950 1260 1984 Ι
1329 1961 1454 1996 capere
1470 1949 1504 1984 L
1578 1953 1614 1984 et
1634 1961 1700 1984 om.
1717 1950 1763 1984 Ῑη

239 2011 258 2044 7
285 2013 389 2055 putet
415 2010 461 2044 M
544 2010 643 2053 uicit,
671 2021 713 2043 m.
736 2012 754 2043 1
774 2020 864 2044 corr.
885 2010 998 2044 uincit
1015 2009 1055 2045 F
1136 2009 1273 2055 petitur
1297 2009 1365 2044 hoc
1397 2009 1429 2044 V
1489 2012 1509 2044 ,δ’
1537 2010 1579 2044 ab
1607 2020 1673 2044 om.
1700 2009 1764 2044 ΘΙ,

284 2069 396 2103 libere
423 2069 467 2103 Η
488 2071 534 2111 (m
574 2072 600 2103 2
625 2069 768 2111 liberet)
794 2069 819 2104 Ι
842 2072 970 2113 (supra
998 2081 1040 2103 m.
1067 2072 1106 2103 ut
1134 2069 1207 2103 uid.
1230 2072 1249 2102 1
1278 2071 1348 2111 tur)
1447 2069 1502 2102 cui
1530 2068 1678 2103 dicimus
1700 2068 1763 2111 bis,

240 2128 393 2163 alterum
420 2139 462 2162 m.
491 2131 516 2162 :2
542 2128 606 2162 del.
636 2127 678 2161 II
786 2127 913 2171 liberal
942 2127 1004 2161 sed
1029 2127 1142 2161 libera
1168 2127 1200 2160 L
1227 2138 1293 2162 sec.
1318 2137 1411 2161 sacr.
1440 2127 1508 2161 litt.
1633 2128 1675 2161 10
1701 2127 1763 2161 ha-

239 2187 326 2222 bens
353 2187 392 2221 F
461 2199 538 2221 ores
567 2191 599 2229 (e
626 2187 663 2221 in
691 2188 778 2229 ras.)
804 2187 839 2221 P
912 2197 1162 2221 uerum-ores
1189 2198 1232 2221 m.
1259 2189 1278 2220 1
1303 2186 1343 2221 in!
1371 2197 1441 2221 ras.
1470 2190 1501 2220 et
1527 2186 1566 2219 in
1593 2197 1706 2231 marg).
1737 2187 1767 2218 (J

244 2247 281 2281 11
312 2246 406 2291 quod
432 2246 481 2281 P¹
592 2258 646 2285 ne,
673 2257 716 2280 m.
745 2248 771 2280 2
795 2257 850 2280 me
882 2245 912 2279 C
1005 2245 1077 2285 ille,
1107 2257 1141 2279 (ι.
1168 2257 1214 2279 m.
1241 2245 1302 2279 illo
1333 2246 1363 2280 C
1485 2246 1526 2278 12
1553 2245 1661 2279 beata
1688 2246 1763 2280 uita

241 2305 442 2351 quaerenda
470 2310 525 2340 est
550 2317 616 2340 om.
643 2307 677 2340 A
754 2306 795 2340 13
823 2305 889 2339 de>
917 2316 983 2339 om.
1010 2305 1092 2339 PP¹
1192 2305 1347 2350 petenda
1373 2309 1426 2339 est
1458 2304 1488 2338 O
1513 2304 1591 2338 edd.
1691 2304 1762 2338 dis·

242 2368 336 2409 puta.
364 2377 408 2401 m.
435 2368 460 2399 2
486 2365 671 2409 disputata
701 2365 731 2399 C
877 2365 916 2398 14
945 2376 1007 2399 nos
1035 2365 1078 2399 ad
1105 2364 1140 2407 (·1
1167 2375 1194 2398 s.
1222 2368 1272 2406 u.)
1309 2364 1339 2397 V
1458 2366 1497 2397 ut
1524 2365 1582 2408 qui
1612 2363 1762 2397 dicimus

244 2422 439 2458 HKMFA
471 2428 510 2457 ut
543 2434 633 2468 quae
665 2423 815 2457 dicimus
849 2424 873 2458 Ι
903 2423 1074 2468 quicquid
1106 2423 1257 2458 dicimus
1289 2422 1336 2456 Pl
1370 2426 1408 2456 ut
1441 2422 1619 2467 quiuimus
1652 2422 1685 2455 L
1724 2425 1763 2456 ut

243 2482 326 2527 quid
354 2481 502 2517 dicimus
522 2482 597 2516 PV
620 2482 691 2527 (dic
718 2483 826 2527 eras.)
847 2494 869 2516 a
885 2484 936 2525 ef
957 2482 1042 2527 quid
1070 2482 1159 2516 imus
1181 2482 1224 2516 ἰν
1277 2483 1317 2516 17»
1345 2481 1379 2515 in
1408 2492 1474 2515 om.
1496 2480 1580 2514 Pl*
1601 2496 1614 2512 t
1636 2482 1763 2524 (supra

244 2552 313 2574 ras.
342 2545 366 2578 i)
402 2542 431 2575 V
457 2554 476 2575 a
503 2541 609 2576 ΗΚΙ
704 2543 950 2587 uerocitcrquc
977 2541 1006 2576 O
1082 2542 1124 2576 16
1150 2542 1277 2587 ipsius-1
1308 2541 1382 2575 vius
1403 2540 1450 2574 ,il
1544 2540 1593 2583 inl
1617 2543 1652 2573 ct
1674 2540 1707 2573 iu
1730 2539 1761 2573 L

290 2600 418 2634 scimus
444 2601 523 2635 MV
597 2601 637 2634 17
665 2600 976 2646 contemplcndum
1008 2600 1038 2636 O
1135 2600 1217 2645 fine]
1244 2601 1320 2634 siue
1346 2599 1387 2633 K
1468 2600 1507 2631 κ
1534 2597 1714 2643 praecepti
1731 2599 1763 2631 ,fl

243 2659 331 2703 (ras.
359 2662 450 2693 1—:2
477 2659 514 2701 l.)
542 2658 591 2693 Ρ2
689 2660 816 2694 caritas
845 2663 898 2694 cst
929 2660 959 2694 O
1047 2659 1088 2694 19
1116 2662 1150 2694 et
1178 2659 1389 2693 fide—hona
1415 2669 1482 2692 om.
1511 2657 1541 2690 J,
1640 2656 1761 2690 eisdcn

247 2729 371 2762 (supra
398 2729 418 2751 ιι
447 2729 489 2751 m.
518 2720 542 2752 2
567 2729 614 2762 m)
643 2718 685 2751 Κ
708 2718 856 2753 eiusdem
886 2722 920 2761 (ιι
948 2722 1056 2754 crass)
1088 2718 1118 2752 V
1142 2719 1173 2752 is
1205 2722 1234 2750 l)

1673 2784 1711 2818 ᾧ.
