1952 3118
700 184 1055 229 epistularum
1094 184 1196 219 CXL.
1622 188 1706 229 231

181 314 342 356 utiliter
373 314 636 363 subu-aliem,
670 315 718 354 ut
749 313 809 354 eis
837 326 915 354 non
944 313 1112 354 haerere
1139 313 1367 356 discamus.
1394 327 1443 355 ne
1470 318 1709 370 contempta

180 386 273 427 luce
304 385 514 429 interiore.
550 397 655 439 quae
694 384 745 425 ad
783 397 935 426 nouam
976 384 1158 437 pertinet
1187 385 1320 426 uitam
1354 410 1409 416 —
1444 386 1552 427 unde
1584 387 1709 428 etiam

180 457 368 510 psalmus
395 457 475 499 iste
501 457 590 511 ipse
622 458 720 510 ‘pro
753 456 1074 508 susceptione
1107 457 1369 498 matutina’
1393 461 1608 511 tamquam
1634 470 1708 512 pro

178 528 272 569 luce
310 540 419 569 noua
463 541 610 570 nomen
656 527 817 580 accepit
843 552 912 576 -,
947 540 995 568 ne
1034 527 1075 567 in
1116 527 1265 568 exteris
1305 529 1488 569 tenebris
1533 529 1713 570 libenter

178 598 431 640 habitemus.
453 599 562 641 unde
588 600 629 640 in
657 599 881 640 exteriores
907 598 1148 648 mittuntur,
1172 598 1243 652 qui
1271 612 1316 640 ex
1344 599 1436 640 istis
1459 600 1608 640 exteris
1628 612 1706 641 non

178 682 222 711 se
255 669 305 710 ad
337 670 534 711 int-eriora
566 672 832 720 conuertunt,
865 682 916 710 ne
944 669 1109 711 diabolo
1154 672 1196 710 et
1233 670 1323 711 eius
1362 670 1521 724 angelis
1561 670 1709 711 sociati

177 742 355 782 extrema
391 740 654 783 damnatione
686 741 922 794 puniamur.
961 740 1256 795 intellegentes
1301 740 1431 795 igitur
1474 741 1708 795 peregrina-

175 811 331 853 tionem
366 815 551 854 nostram
590 813 631 853 in
670 812 747 854 hac
785 812 874 853 uita
912 811 1067 853 mundo
1108 811 1403 866 crucifigamur
1441 811 1709 854 extendentes

174 895 323 924 manus
362 883 402 923 in
443 883 667 925 latitudine
699 883 901 925 bonorum
943 895 1117 936 operum
1151 886 1192 924 et
1222 882 1541 936 longanimitate
1575 895 1710 936 usque

174 954 215 994 in
271 954 394 995 finem
453 957 768 1008 perseuerantes
826 956 952 1008 atque
1009 954 1209 996 habentes
1267 966 1336 995 cor
1392 967 1573 1004 sursum,
1625 954 1708 995 ubi

176 1024 410 1067 Christus
458 1029 534 1067 est
577 1026 623 1066 in
669 1026 869 1067 dextera
915 1025 992 1066 dei
1038 1025 1229 1075 sedens,
1262 1027 1485 1078 totumque
1518 1025 1597 1066 hoc
1629 1037 1707 1066 non

174 1097 293 1139 nobis
321 1097 395 1138 sed
422 1097 536 1139 illius
563 1097 874 1139 misericordiae
901 1097 1151 1140 tribuentes.
1174 1097 1294 1138 cuius
1320 1096 1527 1150 profunda
1552 1095 1709 1137 iudicia

175 1181 337 1212 omnem
389 1170 665 1210 scrutatorem
716 1168 909 1223 fatigant.
961 1168 1064 1209 haec
1115 1169 1182 1209 est
1234 1168 1343 1209 enim
1395 1180 1473 1209 non
1531 1167 1709 1208 inaniter

173 1240 366 1282 fabulosa
404 1239 477 1281 sed
515 1239 679 1280 utiliter
716 1251 839 1280 uerax
878 1238 1112 1288 latitudo,
1151 1237 1432 1292 longitudo,
1475 1238 1706 1287 altitudo,

174 1310 487 1365 profundum,
528 1309 636 1351 unde
673 1309 969 1363 perueniamus
1002 1309 1127 1350 etiam
1162 1308 1212 1350 ad
1253 1309 1705 1362 supereminentem

174 1381 438 1423 scientiam
486 1380 718 1422 caritatis
767 1380 959 1422 Christi
1005 1382 1052 1421 et
1097 1380 1388 1434 impleamur
1425 1380 1471 1420 in
1519 1393 1705 1421 omnem

172 1452 542 1507 plenitudinem
577 1452 670 1493 dei.

232 1522 326 1565 Scio
360 1526 514 1574 autem,
550 1536 674 1576 quam
710 1535 789 1564 non
823 1535 1134 1577 superuacanea
1167 1521 1452 1564 sollicitudine
1485 1534 1558 1575 per
1599 1521 1705 1562 hanc

174 1594 436 1635 occasionem
471 1594 765 1647 quaestionum
799 1594 901 1634 mihi
937 1594 1010 1635 abs
1043 1596 1084 1635 te
1116 1593 1426 1647 propositarum
1459 1592 1705 1634 testamenti

172 1665 269 1707 noui
303 1665 481 1719 gratiam
513 1665 591 1706 tibi
624 1665 832 1706 noluerim
866 1664 1078 1718 copiosius
1106 1663 1408 1706 commendare.
1441 1663 1568 1704 habet
1593 1664 1705 1704 enim

171 1735 448 1785 aduersarios,
489 1735 559 1788 qui
607 1735 696 1777 eius
741 1735 1027 1788 profunditate
1070 1734 1229 1776 turbati
1274 1747 1353 1775 non
1401 1734 1476 1776 deo
1520 1734 1706 1775 tribuere

171 1806 243 1847 sed
282 1806 424 1859 potius
464 1806 545 1848 sibi
583 1807 735 1847 uolunt
774 1806 987 1861 adrogare,
1028 1806 1139 1859 quod
1177 1805 1275 1847 boni
1321 1808 1431 1847 sunt.
1479 1818 1552 1847 nec
1596 1806 1704 1846 tales

171 1880 282 1918 sunt.
323 1889 428 1930 quos
467 1877 590 1918 facile
630 1879 886 1928 contemnas,
926 1877 998 1918 sed
1044 1877 1302 1918 continenter
1339 1876 1532 1918 uiuentes
1579 1878 1705 1929 atque

170 1947 210 1989 in
225 1948 345 1989 bonis
362 1947 558 2001 operibus
576 1948 813 1989 laudabiles
835 1961 910 1990 nec
931 1948 1085 1989 falsum
1103 1947 1318 1990 Christum
1340 1947 1452 1988 sicut
1467 1946 1701 1988 Manichaei

288 2135 308 2169 3
337 2135 393 2168 Ps.
421 2135 477 2175 21,
507 2135 521 2168 l
601 2136 620 2168 ἶ)
647 2135 776 2169 Matth.
805 2135 836 2178 8,
867 2136 930 2177 1:23
959 2135 1015 2174 22,
1046 2134 1103 2173 13;
1134 2135 1189 2178 25,
1217 2134 1262 2169 30
1350 2136 1370 2168 9
1396 2134 1524 2168 Matth.
1556 2134 1611 2173 10,
1638 2133 1701 2167 2·Ζ;

171 2193 229 2236 24,
262 2194 302 2226 13
381 2194 422 2227 10
450 2192 525 2228 Col.
553 2195 586 2236 3,
617 2194 706 2227 1-2
784 2194 825 2227 14
847 2194 935 2238 Eph.
963 2194 996 2233 3,
1028 2194 1164 2228 18—19

221 2312 234 2344 l
265 2310 423 2345 dicamus
452 2311 485 2345 G
560 2322 625 2345 nec
652 2314 821 2345 contenta
851 2311 880 2346 Ο
953 2312 974 2345 2
1001 2322 1035 2355 q,
1061 2322 1106 2345 m.
1136 2312 1161 2345 2
1188 2321 1278 2355 quae
1309 2310 1342 2345 G
1369 2321 1437 2354 quo
1472 2309 1502 2342 T
1574 2309 1699 2352 etiam}

171 2374 206 2404 et
235 2370 267 2404 G
359 2374 444 2414 post
472 2371 578 2404 etiam
607 2371 647 2404 in
673 2371 748 2413 fine
773 2382 808 2405 u.
835 2371 997 2415 spatium
1021 2380 1182 2404 uacuum
1213 2371 1310 2404 4—5
1339 2370 1361 2403 l.
1386 2371 1415 2404 Ο
1488 2369 1509 2402 3
1537 2369 1605 2402 iste
1633 2380 1698 2402 om.

171 2428 315 2464 LOGT
435 2430 511 2473 ipse
538 2440 604 2463 om.
632 2429 673 2462 N
790 2430 812 2463 4
839 2441 882 2463 ne
909 2440 975 2463 om.
1003 2429 1082 2463 edd.
1206 2429 1227 2463 6
1254 2429 1392 2473 angelis
1421 2429 1495 2462 eius
1523 2427 1597 2463 ΕΤ
1620 2427 1699 2461 edd.

168 2488 187 2521 7
216 2488 407 2533 puniantur
433 2487 620 2522 LORGT
703 2492 724 2523 ὅ
749 2488 881 2522 mundo
910 2499 976 2522 om.
1004 2487 1045 2522 N
1116 2489 1136 2522 9
1162 2486 1392 2522 latitudinem
1421 2487 1500 2521 edd.
1601 2490 1636 2519 et
1664 2486 1698 2519 iu

167 2547 443 2591 longanimitate
478 2547 508 2580 T
606 2548 643 2581 11
676 2548 710 2581 in
739 2547 919 2581 dexteram
947 2547 987 2581 N
1105 2547 1172 2581 hoc
1198 2558 1264 2581 ont.
1298 2546 1328 2579 T
1439 2547 1480 2579 1⁴⁸»
1508 2551 1558 2583 ut,
1583 2556 1700 2588 supra.

167 2608 223 2648 (m.
251 2609 269 2639 1
295 2605 326 2648 ?)
352 2606 369 2639 1
395 2614 429 2639 et
463 2605 507 2647 T,·
537 2606 575 2640 in
607 2607 637 2639 l)
662 2606 811 2640 humore
837 2609 1047 2650 corruptum
1100 2606 1142 2640 1&
1169 2616 1402 2650 superuanea,
1429 2616 1473 2638 m.
1499 2607 1579 2646 1(.'‘)
1605 2614 1695 2643 corr,

168 2675 432 2709 superuacanea
464 2665 494 2697 T
568 2666 610 2699 19
636 2666 720 2699 noui
747 2666 957 2699 testamenti
985 2665 1066 2699 edd:
1145 2665 1192 2699 20
1220 2665 1412 2699 uoluerunt
1444 2664 1475 2697 Τ
1546 2662 1585 2695 21
1617 2674 1696 2706 pro-

167 2723 405 2757 funditatelllls
433 2727 464 2763 (e
493 2724 531 2758 in
557 2735 630 2758 ras.
659 2735 701 2758 m.
729 2728 769 2758 ut
793 2724 872 2759 uid.
901 2727 936 2766 1,·
963 2723 1129 2767 deinceps
1155 2734 1229 2758 ras.
1259 2726 1351 2757 1-—2
1379 2723 1417 2764 l.)
1444 2722 1476 2755 L
1562 2721 1605 2754 2?
1634 2733 1695 2754 no-

167 2782 245 2816 lunt
280 2783 309 2815 'J'
380 2784 423 2816 23
452 2785 683 2828 contempnes
717 2783 746 2816 T
842 2784 1073 2818 continentur
1105 2783 1135 2816 T
