<?xml version="1.0" encoding="UTF-8"?>
<!DOCTYPE html PUBLIC "-//W3C//DTD XHTML 1.0 Transitional//EN"
    "http://www.w3.org/TR/xhtml1/DTD/xhtml1-transitional.dtd">
<html xmlns="http://www.w3.org/1999/xhtml" xml:lang="en" lang="en">
 <head>
  <title>
</title>
<meta http-equiv="Content-Type" content="text/html;charset=utf-8" />
  <meta name='ocr-system' content='tesseract 3.04.00' />
  <meta name='ocr-capabilities' content='ocr_page ocr_carea ocr_par ocr_line ocrx_word'/>
</head>
<body>
  <div class='ocr_page' id='page_1' title='image "./corpusscriptorum44auguuoft_0108.png"; bbox 0 0 1924 3122; ppageno 0'>
   <div class='ocr_carea' id='block_1_1' title="bbox 125 360 149 400">
    <p class='ocr_par' dir='ltr' id='par_1_1' title="bbox 125 360 149 400">
     <span class='ocr_line' id='line_1_1' title="bbox 125 360 149 400; baseline 0 0"><span class='ocrx_word' id='word_1_1' title='bbox 125 360 149 400; x_wconf 82' lang='lat'><strong>3</strong></span> 
     </span>
    </p>
   </div>
   <div class='ocr_carea' id='block_1_2' title="bbox 80 1404 154 1446">
    <p class='ocr_par' dir='ltr' id='par_1_2' title="bbox 80 1404 154 1446">
     <span class='ocr_line' id='line_1_2' title="bbox 80 1404 154 1446; baseline 0.014 -1"><span class='ocrx_word' id='word_1_2' title='bbox 80 1404 154 1446; x_wconf 83' lang='lat'>11</span> 
     </span>
    </p>
   </div>
   <div class='ocr_carea' id='block_1_3' title="bbox 183 231 1238 276">
    <p class='ocr_par' dir='ltr' id='par_1_3' title="bbox 183 231 1238 276">
     <span class='ocr_line' id='line_1_3' title="bbox 183 231 1238 276; baseline 0.004 -15"><span class='ocrx_word' id='word_1_3' title='bbox 183 234 237 273; x_wconf 66' lang='lat'>96</span> <span class='ocrx_word' id='word_1_4' title='bbox 654 231 687 265; x_wconf 82' lang='lat' dir='ltr'>S.</span> <span class='ocrx_word' id='word_1_5' title='bbox 728 231 911 265; x_wconf 78' lang='lat' dir='ltr'>Aureli</span> <span class='ocrx_word' id='word_1_6' title='bbox 949 231 1238 276; x_wconf 81' lang='lat' dir='ltr'>Augustini</span> 
     </span>
    </p>
   </div>
   <div class='ocr_carea' id='block_1_4' title="bbox 182 361 1781 1057">
    <p class='ocr_par' dir='ltr' id='par_1_4' title="bbox 182 361 1781 1057">
     <span class='ocr_line' id='line_1_4' title="bbox 243 361 1716 416; baseline 0 -14"><span class='ocrx_word' id='word_1_7' title='bbox 243 361 374 410; x_wconf 77' lang='lat' dir='ltr'>Unde,</span> <span class='ocrx_word' id='word_1_8' title='bbox 413 362 517 401; x_wconf 62' lang='lat' dir='ltr'>sieut</span> <span class='ocrx_word' id='word_1_9' title='bbox 560 361 777 402; x_wconf 74' lang='lat' dir='ltr'>beatitudo</span> <span class='ocrx_word' id='word_1_10' title='bbox 817 363 889 402; x_wconf 87' lang='lat' dir='ltr'>tua</span> <span class='ocrx_word' id='word_1_11' title='bbox 933 374 1100 402; x_wconf 85' lang='lat' dir='ltr'>mecum</span> <span class='ocrx_word' id='word_1_12' title='bbox 1147 361 1342 416; x_wconf 78' lang='lat' dir='ltr'>dignatur</span> <span class='ocrx_word' id='word_1_13' title='bbox 1387 375 1624 416; x_wconf 78' lang='lat' dir='ltr'>agnoscere.</span> <span class='ocrx_word' id='word_1_14' title='bbox 1666 362 1716 403; x_wconf 88' lang='lat' dir='ltr'>ad</span> 
     </span>
     <span class='ocr_line' id='line_1_5' title="bbox 182 432 1719 485; baseline 0.001 -12"><span class='ocrx_word' id='word_1_15' title='bbox 182 433 284 473; x_wconf 87' lang='lat' dir='ltr'>haec</span> <span class='ocrx_word' id='word_1_16' title='bbox 317 432 467 483; x_wconf 82' lang='lat' dir='ltr'>omnia,</span> <span class='ocrx_word' id='word_1_17' title='bbox 502 433 698 485; x_wconf 89' lang='lat' dir='ltr'>quoniam</span> <span class='ocrx_word' id='word_1_18' title='bbox 737 433 967 474; x_wconf 84' lang='lat' dir='ltr'>multorum</span> <span class='ocrx_word' id='word_1_19' title='bbox 1006 433 1199 474; x_wconf 89' lang='lat' dir='ltr'>manibus</span> <span class='ocrx_word' id='word_1_20' title='bbox 1234 434 1323 474; x_wconf 87' lang='lat' dir='ltr'>sine</span> <span class='ocrx_word' id='word_1_21' title='bbox 1364 433 1489 475; x_wconf 90' lang='lat' dir='ltr'>dubio</span> <span class='ocrx_word' id='word_1_22' title='bbox 1528 434 1719 474; x_wconf 85' lang='lat' dir='ltr'>tradetur</span> 
     </span>
     <span class='ocr_line' id='line_1_6' title="bbox 184 503 1718 557; baseline 0.001 -14"><span class='ocrx_word' id='word_1_23' title='bbox 184 503 421 544; x_wconf 79' lang='lat' dir='ltr'>sanctitatis</span> <span class='ocrx_word' id='word_1_24' title='bbox 454 505 551 544; x_wconf 84' lang='lat' dir='ltr'>tuae</span> <span class='ocrx_word' id='word_1_25' title='bbox 585 503 820 544; x_wconf 86' lang='lat' dir='ltr'>desiderata</span> <span class='ocrx_word' id='word_1_26' title='bbox 847 504 1078 557; x_wconf 74' lang='lat' dir='ltr'>responsio,</span> <span class='ocrx_word' id='word_1_27' title='bbox 1106 504 1255 557; x_wconf 90' lang='lat' dir='ltr'>plenus</span> <span class='ocrx_word' id='word_1_28' title='bbox 1283 505 1407 545; x_wconf 88' lang='lat' dir='ltr'>debet</span> <span class='ocrx_word' id='word_1_29' title='bbox 1434 507 1475 546; x_wconf 91' lang='lat' dir='ltr'>et</span> <span class='ocrx_word' id='word_1_30' title='bbox 1502 505 1718 546; x_wconf 86' lang='lat' dir='ltr'>elucubra-</span> 
     </span>
     <span class='ocr_line' id='line_1_7' title="bbox 183 575 1717 630; baseline 0.001 -16"><span class='ocrx_word' id='word_1_31' title='bbox 183 576 253 615; x_wconf 90' lang='lat' dir='ltr'>tus</span> <span class='ocrx_word' id='word_1_32' title='bbox 282 575 505 615; x_wconf 87' lang='lat' dir='ltr'>solutionis</span> <span class='ocrx_word' id='word_1_33' title='bbox 533 575 730 628; x_wconf 87' lang='lat' dir='ltr'>splendor</span> <span class='ocrx_word' id='word_1_34' title='bbox 757 575 934 623; x_wconf 85' lang='lat' dir='ltr'>ostendi,</span> <span class='ocrx_word' id='word_1_35' title='bbox 956 576 1135 617; x_wconf 81' lang='lat' dir='ltr'>maxime</span> <span class='ocrx_word' id='word_1_36' title='bbox 1164 577 1274 629; x_wconf 77' lang='lat' dir='ltr'>quia,</span> <span class='ocrx_word' id='word_1_37' title='bbox 1297 588 1392 617; x_wconf 88' lang='lat' dir='ltr'>cum</span> <span class='ocrx_word' id='word_1_38' title='bbox 1419 576 1503 617; x_wconf 87' lang='lat' dir='ltr'>ista</span> <span class='ocrx_word' id='word_1_39' title='bbox 1530 589 1717 630; x_wconf 84' lang='lat' dir='ltr'>gereren-</span> 
     </span>
     <span class='ocr_line' id='line_1_8' title="bbox 183 646 1781 700; baseline 0 -13"><span class='ocrx_word' id='word_1_40' title='bbox 183 648 264 689; x_wconf 90' lang='lat' dir='ltr'>tur.</span> <span class='ocrx_word' id='word_1_41' title='bbox 322 646 498 687; x_wconf 82' lang='lat' dir='ltr'>eximius</span> <span class='ocrx_word' id='word_1_42' title='bbox 548 647 851 700; x_wconf 83' lang='lat' dir='ltr'>Hipponiensis</span> <span class='ocrx_word' id='word_1_43' title='bbox 908 647 1091 700; x_wconf 86' lang='lat' dir='ltr'>regionis</span> <span class='ocrx_word' id='word_1_44' title='bbox 1147 660 1368 700; x_wconf 85' lang='lat' dir='ltr'>possessor</span> <span class='ocrx_word' id='word_1_45' title='bbox 1425 649 1466 688; x_wconf 91' lang='lat' dir='ltr'>et</span> <span class='ocrx_word' id='word_1_46' title='bbox 1522 647 1716 688; x_wconf 89' lang='lat' dir='ltr'>dominus</span> <span class='ocrx_word' id='word_1_47' title='bbox 1765 663 1781 686; x_wconf 81' lang='lat'>5</span> 
     </span>
     <span class='ocr_line' id='line_1_9' title="bbox 184 717 1720 771; baseline 0 -13"><span class='ocrx_word' id='word_1_48' title='bbox 184 730 382 771; x_wconf 81' lang='lat' dir='ltr'>praesens</span> <span class='ocrx_word' id='word_1_49' title='bbox 409 717 563 764; x_wconf 81' lang='lat' dir='ltr'>aderat,</span> <span class='ocrx_word' id='word_1_50' title='bbox 587 718 657 771; x_wconf 88' lang='lat' dir='ltr'>qui</span> <span class='ocrx_word' id='word_1_51' title='bbox 686 720 727 759; x_wconf 90' lang='lat' dir='ltr'>et</span> <span class='ocrx_word' id='word_1_52' title='bbox 754 717 1021 759; x_wconf 79' lang='lat' dir='ltr'>sanctitatem</span> <span class='ocrx_word' id='word_1_53' title='bbox 1048 720 1164 759; x_wconf 88' lang='lat' dir='ltr'>tuam</span> <span class='ocrx_word' id='word_1_54' title='bbox 1194 719 1270 759; x_wconf 89' lang='lat' dir='ltr'>sub</span> <span class='ocrx_word' id='word_1_55' title='bbox 1298 718 1453 760; x_wconf 88' lang='lat' dir='ltr'>ironiae</span> <span class='ocrx_word' id='word_1_56' title='bbox 1481 718 1720 759; x_wconf 86' lang='lat' dir='ltr'>adulatione</span> 
     </span>
     <span class='ocr_line' id='line_1_10' title="bbox 185 788 1718 842; baseline 0.001 -13"><span class='ocrx_word' id='word_1_57' title='bbox 185 788 376 830; x_wconf 84' lang='lat' dir='ltr'>laudaret</span> <span class='ocrx_word' id='word_1_58' title='bbox 409 791 449 830; x_wconf 88' lang='lat' dir='ltr'>et</span> <span class='ocrx_word' id='word_1_59' title='bbox 483 789 577 834; x_wconf 82' lang='lat' dir='ltr'>sibi,</span> <span class='ocrx_word' id='word_1_60' title='bbox 612 802 707 831; x_wconf 88' lang='lat' dir='ltr'>cum</span> <span class='ocrx_word' id='word_1_61' title='bbox 747 789 796 830; x_wconf 87' lang='lat' dir='ltr'>de</span> <span class='ocrx_word' id='word_1_62' title='bbox 836 789 902 830; x_wconf 90' lang='lat' dir='ltr'>his</span> <span class='ocrx_word' id='word_1_63' title='bbox 943 792 1171 842; x_wconf 78' lang='lat' dir='ltr'>quaereret,</span> <span class='ocrx_word' id='word_1_64' title='bbox 1206 790 1379 831; x_wconf 89' lang='lat' dir='ltr'>minime</span> <span class='ocrx_word' id='word_1_65' title='bbox 1419 790 1521 831; x_wconf 88' lang='lat' dir='ltr'>satis</span> <span class='ocrx_word' id='word_1_66' title='bbox 1561 791 1718 831; x_wconf 87' lang='lat' dir='ltr'>factum</span> 
     </span>
     <span class='ocr_line' id='line_1_11' title="bbox 189 860 1720 915; baseline 0 -14"><span class='ocrx_word' id='word_1_67' title='bbox 189 873 279 901; x_wconf 84' lang='lat' dir='ltr'>esse</span> <span class='ocrx_word' id='word_1_68' title='bbox 319 860 597 901; x_wconf 86' lang='lat' dir='ltr'>contenderet.</span> <span class='ocrx_word' id='word_1_69' title='bbox 639 874 713 915; x_wconf 90' lang='lat' dir='ltr'>ego</span> <span class='ocrx_word' id='word_1_70' title='bbox 754 873 854 901; x_wconf 89' lang='lat' dir='ltr'>uero</span> <span class='ocrx_word' id='word_1_71' title='bbox 896 860 944 901; x_wconf 89' lang='lat' dir='ltr'>ad</span> <span class='ocrx_word' id='word_1_72' title='bbox 984 861 1086 902; x_wconf 87' lang='lat' dir='ltr'>haec</span> <span class='ocrx_word' id='word_1_73' title='bbox 1127 861 1267 902; x_wconf 89' lang='lat' dir='ltr'>omnia</span> <span class='ocrx_word' id='word_1_74' title='bbox 1305 861 1594 914; x_wconf 81' lang='lat' dir='ltr'>promissionis</span> <span class='ocrx_word' id='word_1_75' title='bbox 1641 873 1720 902; x_wconf 92' lang='lat' dir='ltr'>non</span> 
     </span>
     <span class='ocr_line' id='line_1_12' title="bbox 187 932 1720 985; baseline 0 -13"><span class='ocrx_word' id='word_1_76' title='bbox 187 933 394 972; x_wconf 85' lang='lat' dir='ltr'>inmemor</span> <span class='ocrx_word' id='word_1_77' title='bbox 437 932 511 972; x_wconf 87' lang='lat' dir='ltr'>sed</span> <span class='ocrx_word' id='word_1_78' title='bbox 556 934 721 973; x_wconf 74' lang='lat' dir='ltr'>exactor</span> <span class='ocrx_word' id='word_1_79' title='bbox 765 933 895 973; x_wconf 82' lang='lat' dir='ltr'>libros</span> <span class='ocrx_word' id='word_1_80' title='bbox 942 932 1094 973; x_wconf 79' lang='lat' dir='ltr'>confici</span> <span class='ocrx_word' id='word_1_81' title='bbox 1141 933 1339 985; x_wconf 84' lang='lat' dir='ltr'>deprecor</span> <span class='ocrx_word' id='word_1_82' title='bbox 1389 932 1591 974; x_wconf 86' lang='lat' dir='ltr'>ecclesiae</span> <span class='ocrx_word' id='word_1_83' title='bbox 1642 932 1720 973; x_wconf 91' lang='lat' dir='ltr'>hoc</span> 
     </span>
     <span class='ocr_line' id='line_1_13' title="bbox 188 1003 1781 1057; baseline 0.002 -14"><span class='ocrx_word' id='word_1_84' title='bbox 188 1003 366 1044; x_wconf 80' lang='lat' dir='ltr'>maxime</span> <span class='ocrx_word' id='word_1_85' title='bbox 399 1005 586 1057; x_wconf 89' lang='lat' dir='ltr'>tempore</span> <span class='ocrx_word' id='word_1_86' title='bbox 618 1003 921 1044; x_wconf 86' lang='lat' dir='ltr'>incredibiliter</span> <span class='ocrx_word' id='word_1_87' title='bbox 953 1003 1208 1057; x_wconf 73' lang='lat' dir='ltr'>profuturos</span> <span class='ocrx_word' id='word_1_88' title='bbox 1749 1017 1781 1040; x_wconf 85' lang='lat'>10</span> 
     </span>
    </p>
   </div>
   <div class='ocr_carea' id='block_1_5' title="bbox 189 1168 1721 1356">
    <p class='ocr_par' dir='ltr' id='par_1_5' title="bbox 189 1168 1721 1356">
     <span class='ocr_line' id='line_1_14' title="bbox 836 1168 1079 1210; baseline -0.004 0"><span class='ocrx_word' id='word_1_89' title='bbox 836 1168 1079 1210; x_wconf 78' lang='lat' dir='ltr'>CXXXVII.</span> 
     </span>
     <span class='ocr_line' id='line_1_15' title="bbox 189 1260 1721 1296; baseline 0 -2"><span class='ocrx_word' id='word_1_90' title='bbox 189 1260 383 1295; x_wconf 81' lang='lat' dir='ltr'><strong>DOMINO</strong></span> <span class='ocrx_word' id='word_1_91' title='bbox 410 1261 639 1296; x_wconf 73' lang='lat' dir='ltr'><strong>INLUSTRI</strong></span> <span class='ocrx_word' id='word_1_92' title='bbox 664 1261 723 1295; x_wconf 83' lang='lat' dir='ltr'>ET</span> <span class='ocrx_word' id='word_1_93' title='bbox 751 1261 935 1296; x_wconf 84' lang='lat' dir='ltr'><strong>MERITO</strong></span> <span class='ocrx_word' id='word_1_94' title='bbox 969 1261 1156 1296; x_wconf 74' lang='lat' dir='ltr'>INSIGNI</span> <span class='ocrx_word' id='word_1_95' title='bbox 1183 1262 1241 1295; x_wconf 82' lang='lat' dir='ltr'>ET</span> <span class='ocrx_word' id='word_1_96' title='bbox 1273 1260 1721 1296; x_wconf 76' lang='lat' dir='ltr'>PRAESTANTISSIMO</span> 
     </span>
     <span class='ocr_line' id='line_1_16' title="bbox 290 1320 1619 1356; baseline -0.001 -1"><span class='ocrx_word' id='word_1_97' title='bbox 290 1321 418 1356; x_wconf 88' lang='lat' dir='ltr'>FILIO</span> <span class='ocrx_word' id='word_1_98' title='bbox 447 1321 724 1356; x_wconf 73' lang='lat' dir='ltr'>VOLUSIANO</span> <span class='ocrx_word' id='word_1_99' title='bbox 753 1320 1058 1356; x_wconf 75' lang='lat' dir='ltr'>AUGUS&#39;HNUS</span> <span class='ocrx_word' id='word_1_100' title='bbox 1085 1321 1138 1355; x_wconf 77' lang='lat' dir='ltr'>IN</span> <span class='ocrx_word' id='word_1_101' title='bbox 1165 1320 1357 1356; x_wconf 78' lang='lat' dir='ltr'>DOMINO</span> <span class='ocrx_word' id='word_1_102' title='bbox 1388 1321 1619 1356; x_wconf 83' lang='lat' dir='ltr'><strong>SALUTEM.</strong></span> 
     </span>
    </p>
   </div>
   <div class='ocr_carea' id='block_1_6' title="bbox 191 1404 1784 1530">
    <p class='ocr_par' dir='ltr' id='par_1_6' title="bbox 191 1404 1784 1530">
     <span class='ocr_line' id='line_1_17' title="bbox 251 1404 1724 1459; baseline 0 -14"><span class='ocrx_word' id='word_1_103' title='bbox 251 1405 353 1458; x_wconf 84' lang='lat' dir='ltr'>Legi</span> <span class='ocrx_word' id='word_1_104' title='bbox 385 1405 547 1446; x_wconf 85' lang='lat' dir='ltr'>litteras</span> <span class='ocrx_word' id='word_1_105' title='bbox 580 1408 690 1446; x_wconf 86' lang='lat' dir='ltr'>tuas.</span> <span class='ocrx_word' id='word_1_106' title='bbox 725 1406 765 1445; x_wconf 92' lang='lat' dir='ltr'>in</span> <span class='ocrx_word' id='word_1_107' title='bbox 806 1405 958 1458; x_wconf 89' lang='lat' dir='ltr'>quibus</span> <span class='ocrx_word' id='word_1_108' title='bbox 998 1405 1085 1446; x_wconf 90' lang='lat' dir='ltr'>uidi</span> <span class='ocrx_word' id='word_1_109' title='bbox 1125 1406 1266 1459; x_wconf 87' lang='lat' dir='ltr'>magni</span> <span class='ocrx_word' id='word_1_110' title='bbox 1306 1405 1526 1446; x_wconf 84' lang='lat' dir='ltr'>cuiusdam</span> <span class='ocrx_word' id='word_1_111' title='bbox 1568 1404 1724 1459; x_wconf 80' lang='lat' dir='ltr'>dialogi</span> 
     </span>
     <span class='ocr_line' id='line_1_18' title="bbox 191 1475 1784 1530; baseline -0.001 -13"><span class='ocrx_word' id='word_1_112' title='bbox 191 1476 402 1529; x_wconf 87' lang='lat' dir='ltr'>specimen</span> <span class='ocrx_word' id='word_1_113' title='bbox 434 1476 636 1517; x_wconf 87' lang='lat' dir='ltr'>laudabili</span> <span class='ocrx_word' id='word_1_114' title='bbox 670 1476 876 1517; x_wconf 86' lang='lat' dir='ltr'>breuitate</span> <span class='ocrx_word' id='word_1_115' title='bbox 910 1477 1273 1530; x_wconf 86' lang='lat' dir='ltr'>comprehensum.</span> <span class='ocrx_word' id='word_1_116' title='bbox 1305 1476 1555 1528; x_wconf 89' lang='lat' dir='ltr'>respondere</span> <span class='ocrx_word' id='word_1_117' title='bbox 1593 1475 1725 1530; x_wconf 89' lang='lat' dir='ltr'>igitur</span> <span class='ocrx_word' id='word_1_118' title='bbox 1751 1490 1784 1516; x_wconf 88' lang='lat'>15</span> 
     </span>
    </p>
   </div>
   <div class='ocr_carea' id='block_1_7' title="bbox 240 1650 1727 1755">
    <p class='ocr_par' dir='ltr' id='par_1_7' title="bbox 240 1650 1727 1755">
     <span class='ocr_line' id='line_1_19' title="bbox 243 1650 1727 1690; baseline 0 -6"><span class='ocrx_word' id='word_1_119' title='bbox 243 1651 258 1684; x_wconf 88' lang='lat'>1</span> <span class='ocrx_word' id='word_1_120' title='bbox 287 1651 381 1685; x_wconf 88' lang='lat' dir='ltr'>unde</span> <span class='ocrx_word' id='word_1_121' title='bbox 409 1651 503 1685; x_wconf 89' lang='lat' dir='ltr'>sicut</span> <span class='ocrx_word' id='word_1_122' title='bbox 532 1651 577 1684; x_wconf 84' lang='lat' dir='ltr'>lr</span> <span class='ocrx_word' id='word_1_123' title='bbox 591 1662 624 1685; x_wconf 87' lang='lat' dir='ltr'>m</span> <span class='ocrx_word' id='word_1_124' title='bbox 651 1650 746 1685; x_wconf 86' lang='lat' dir='ltr'>unde</span> <span class='ocrx_word' id='word_1_125' title='bbox 775 1653 856 1690; x_wconf 73' lang='lat' dir='ltr'>(om.</span> <span class='ocrx_word' id='word_1_126' title='bbox 885 1651 993 1686; x_wconf 74' lang='lat' dir='ltr'>sicut&#39;)</span> <span class='ocrx_word' id='word_1_127' title='bbox 1020 1651 1122 1686; x_wconf 80' lang='lat' dir='ltr'>codd.</span> <span class='ocrx_word' id='word_1_128' title='bbox 1151 1655 1183 1685; x_wconf 72' lang='lat' dir='ltr'>et</span> <span class='ocrx_word' id='word_1_129' title='bbox 1209 1655 1286 1687; x_wconf 71' lang='lat' dir='ltr'>cett.</span> <span class='ocrx_word' id='word_1_130' title='bbox 1315 1651 1393 1686; x_wconf 76' lang='lat' dir='ltr'>edd.</span> <span class='ocrx_word' id='word_1_131' title='bbox 1468 1650 1666 1686; x_wconf 84' lang='lat' dir='ltr'>beatatudo</span> <span class='ocrx_word' id='word_1_132' title='bbox 1688 1651 1727 1684; x_wconf 82' lang='lat' dir='ltr'><strong><em>E</em></strong></span> 
     </span>
     <span class='ocr_line' id='line_1_20' title="bbox 240 1709 1723 1755; baseline 0 -12"><span class='ocrx_word' id='word_1_133' title='bbox 240 1709 422 1755; x_wconf 79' lang='lat' dir='ltr'>dignatur,</span> <span class='ocrx_word' id='word_1_134' title='bbox 450 1721 493 1744; x_wconf 85' lang='lat' dir='ltr'>m.</span> <span class='ocrx_word' id='word_1_135' title='bbox 522 1712 547 1743; x_wconf 79' lang='lat'><em>2</em></span> <span class='ocrx_word' id='word_1_136' title='bbox 574 1709 745 1754; x_wconf 83' lang='lat' dir='ltr'>dignetur</span> <span class='ocrx_word' id='word_1_137' title='bbox 775 1710 804 1743; x_wconf 79' lang='lat' dir='ltr'><em>C</em></span> <span class='ocrx_word' id='word_1_138' title='bbox 829 1709 1001 1754; x_wconf 82' lang='lat' dir='ltr'>dignetur</span> <span class='ocrx_word' id='word_1_139' title='bbox 1026 1712 1062 1746; x_wconf 78' lang='grc' dir='ltr'>Α.</span> <span class='ocrx_word' id='word_1_140' title='bbox 1161 1722 1376 1755; x_wconf 83' lang='lat' dir='ltr'>cognoscere</span> <span class='ocrx_word' id='word_1_141' title='bbox 1403 1711 1436 1744; x_wconf 87' lang='lat' dir='ltr'><em>A</em></span> <span class='ocrx_word' id='word_1_142' title='bbox 1536 1711 1556 1744; x_wconf 86' lang='lat'>3</span> <span class='ocrx_word' id='word_1_143' title='bbox 1583 1710 1723 1755; x_wconf 84' lang='lat' dir='ltr'>plenius</span> 
     </span>
    </p>
   </div>
   <div class='ocr_carea' id='block_1_8' title="bbox 195 1769 1723 1872">
    <p class='ocr_par' dir='ltr' id='par_1_8' title="bbox 195 1769 1723 1872">
     <span class='ocr_line' id='line_1_21' title="bbox 195 1769 1723 1815; baseline -0.001 -12"><span class='ocrx_word' id='word_1_144' title='bbox 195 1769 303 1804; x_wconf 79' lang='lat' dir='ltr'>(lebet</span> <span class='ocrx_word' id='word_1_145' title='bbox 330 1772 365 1803; x_wconf 89' lang='lat' dir='ltr'>et</span> <span class='ocrx_word' id='word_1_146' title='bbox 391 1769 616 1803; x_wconf 87' lang='lat' dir='ltr'>lucubratius</span> <span class='ocrx_word' id='word_1_147' title='bbox 642 1769 691 1803; x_wconf 86' lang='lat' dir='ltr'><em>M</em></span> <span class='ocrx_word' id='word_1_148' title='bbox 810 1771 832 1803; x_wconf 82' lang='lat'>4</span> <span class='ocrx_word' id='word_1_149' title='bbox 860 1770 958 1814; x_wconf 84' lang='lat' dir='ltr'>quia]</span> <span class='ocrx_word' id='word_1_150' title='bbox 989 1781 1059 1814; x_wconf 86' lang='lat' dir='ltr'>qua.</span> <span class='ocrx_word' id='word_1_151' title='bbox 1090 1770 1123 1803; x_wconf 84' lang='lat' dir='ltr'><em>T</em></span> <span class='ocrx_word' id='word_1_152' title='bbox 1242 1771 1262 1804; x_wconf 80' lang='grc'>5</span> <span class='ocrx_word' id='word_1_153' title='bbox 1290 1769 1524 1815; x_wconf 85' lang='lat' dir='ltr'>hipponensis</span> <span class='ocrx_word' id='word_1_154' title='bbox 1556 1769 1621 1803; x_wconf 84' lang='lat' dir='ltr'>TC</span> <span class='ocrx_word' id='word_1_155' title='bbox 1644 1769 1723 1803; x_wconf 77' lang='lat' dir='ltr'>edd.</span> 
     </span>
     <span class='ocr_line' id='line_1_22' title="bbox 195 1829 691 1872; baseline 0 -9"><span class='ocrx_word' id='word_1_156' title='bbox 195 1830 214 1863; x_wconf 83' lang='lat'>9</span> <span class='ocrx_word' id='word_1_157' title='bbox 243 1840 291 1872; x_wconf 76' lang='lat' dir='ltr'>se,</span> <span class='ocrx_word' id='word_1_158' title='bbox 318 1840 362 1864; x_wconf 85' lang='lat' dir='ltr'>m.</span> <span class='ocrx_word' id='word_1_159' title='bbox 390 1832 409 1862; x_wconf 86' lang='lat'><strong><em>1</em></strong></span> <span class='ocrx_word' id='word_1_160' title='bbox 436 1839 526 1863; x_wconf 82' lang='lat' dir='ltr'>corr.</span> <span class='ocrx_word' id='word_1_161' title='bbox 555 1829 617 1863; x_wconf 84' lang='lat' dir='ltr'>sed</span> <span class='ocrx_word' id='word_1_162' title='bbox 643 1829 691 1863; x_wconf 75' lang='lat' dir='ltr'><strong><em>M</em></strong></span> 
     </span>
    </p>
   </div>
   <div class='ocr_carea' id='block_1_9' title="bbox 253 1945 1731 2764">
    <p class='ocr_par' dir='ltr' id='par_1_9' title="bbox 253 1945 1731 2764">
     <span class='ocr_line' id='line_1_23' title="bbox 342 1945 1227 1983; baseline 0 -3"><span class='ocrx_word' id='word_1_163' title='bbox 342 1945 375 1980; x_wconf 84' lang='lat' dir='ltr'><em>T</em></span> <span class='ocrx_word' id='word_1_164' title='bbox 410 1963 453 1974; x_wconf 93' lang='lat'><strong><em>=</em></strong></span> <span class='ocrx_word' id='word_1_165' title='bbox 481 1946 556 1981; x_wconf 79' lang='lat' dir='ltr'>cod.</span> <span class='ocrx_word' id='word_1_166' title='bbox 591 1946 776 1983; x_wconf 74' lang='lat' dir='ltr'>Trecensz&#39;s</span> <span class='ocrx_word' id='word_1_167' title='bbox 803 1947 913 1981; x_wconf 71' lang='lat'><em>2405</em></span> <span class='ocrx_word' id='word_1_168' title='bbox 938 1957 966 1981; x_wconf 82' lang='lat' dir='ltr'>s.</span> <span class='ocrx_word' id='word_1_169' title='bbox 999 1946 1227 1980; x_wconf 86' lang='lat' dir='ltr'><em>VIII—IX.</em></span> 
     </span>
     <span class='ocr_line' id='line_1_24' title="bbox 343 2006 1050 2041; baseline -0.001 -1"><span class='ocrx_word' id='word_1_170' title='bbox 343 2006 373 2040; x_wconf 81' lang='lat' dir='ltr'><strong><em>C</em></strong></span> <span class='ocrx_word' id='word_1_171' title='bbox 409 2022 451 2034; x_wconf 67' lang='lat' dir='ltr'><em>z</em></span> <span class='ocrx_word' id='word_1_172' title='bbox 480 2006 556 2040; x_wconf 78' lang='lat' dir='ltr'>eod.</span> <span class='ocrx_word' id='word_1_173' title='bbox 587 2006 816 2041; x_wconf 75' lang='lat' dir='ltr'>Coloniensis</span> <span class='ocrx_word' id='word_1_174' title='bbox 844 2009 897 2041; x_wconf 77' lang='lat'>80</span> <span class='ocrx_word' id='word_1_175' title='bbox 922 2018 952 2040; x_wconf 75' lang='lat' dir='ltr'>s.</span> <span class='ocrx_word' id='word_1_176' title='bbox 976 2006 1050 2040; x_wconf 82' lang='lat' dir='ltr'>IX.</span> 
     </span>
     <span class='ocr_line' id='line_1_25' title="bbox 337 2065 1051 2102; baseline 0 -3"><span class='ocrx_word' id='word_1_177' title='bbox 337 2065 376 2099; x_wconf 81' lang='lat' dir='ltr'>J)</span> <span class='ocrx_word' id='word_1_178' title='bbox 410 2082 454 2095; x_wconf 74' lang='lat' dir='ltr'><em>z</em></span> <span class='ocrx_word' id='word_1_179' title='bbox 482 2065 558 2100; x_wconf 79' lang='lat' dir='ltr'>eod.</span> <span class='ocrx_word' id='word_1_180' title='bbox 590 2066 819 2101; x_wconf 77' lang='lat' dir='ltr'>Coloniensis</span> <span class='ocrx_word' id='word_1_181' title='bbox 847 2068 898 2100; x_wconf 88' lang='lat'>33</span> <span class='ocrx_word' id='word_1_182' title='bbox 922 2077 949 2102; x_wconf 79' lang='lat' dir='ltr'>s,</span> <span class='ocrx_word' id='word_1_183' title='bbox 977 2066 1051 2099; x_wconf 86' lang='lat' dir='ltr'>IX.</span> 
     </span>
     <span class='ocr_line' id='line_1_26' title="bbox 345 2124 1314 2170; baseline 0.001 -12"><span class='ocrx_word' id='word_1_184' title='bbox 345 2124 454 2158; x_wconf 73' lang='lat' dir='ltr'>W:</span> <span class='ocrx_word' id='word_1_185' title='bbox 482 2125 559 2160; x_wconf 77' lang='lat' dir='ltr'>cod.</span> <span class='ocrx_word' id='word_1_186' title='bbox 586 2125 897 2169; x_wconf 65' lang='lat' dir='ltr'>Herbipolitamcs</span> <span class='ocrx_word' id='word_1_187' title='bbox 922 2126 1002 2170; x_wconf 74' lang='lat' dir='ltr'>Mp.</span> <span class='ocrx_word' id='word_1_188' title='bbox 1031 2126 1079 2160; x_wconf 79' lang='lat' dir='ltr'>th.</span> <span class='ocrx_word' id='word_1_189' title='bbox 1112 2128 1161 2160; x_wconf 88' lang='lat'>56</span> <span class='ocrx_word' id='word_1_190' title='bbox 1185 2137 1212 2160; x_wconf 83' lang='lat' dir='ltr'>s.</span> <span class='ocrx_word' id='word_1_191' title='bbox 1240 2126 1314 2160; x_wconf 82' lang='lat' dir='ltr'>IX.</span> 
     </span>
     <span class='ocr_line' id='line_1_27' title="bbox 338 2184 1214 2230; baseline 0.001 -13"><span class='ocrx_word' id='word_1_192' title='bbox 338 2184 374 2218; x_wconf 89' lang='lat' dir='ltr'><em>B</em></span> <span class='ocrx_word' id='word_1_193' title='bbox 412 2200 455 2213; x_wconf 71' lang='lat' dir='ltr'><em>z</em></span> <span class='ocrx_word' id='word_1_194' title='bbox 484 2184 559 2218; x_wconf 75' lang='lat' dir='ltr'>cod.</span> <span class='ocrx_word' id='word_1_195' title='bbox 587 2185 866 2230; x_wconf 73' lang='lat' dir='ltr'>Bamberqensis</span> <span class='ocrx_word' id='word_1_196' title='bbox 892 2186 925 2219; x_wconf 83' lang='lat' dir='ltr'><strong><em>A</em></strong></span> <span class='ocrx_word' id='word_1_197' title='bbox 952 2187 1020 2218; x_wconf 88' lang='grc'>151</span> <span class='ocrx_word' id='word_1_198' title='bbox 1045 2196 1071 2219; x_wconf 85' lang='lat' dir='ltr'>s.</span> <span class='ocrx_word' id='word_1_199' title='bbox 1100 2185 1140 2218; x_wconf 86' lang='lat' dir='ltr'><em>X</em></span> <span class='ocrx_word' id='word_1_200' title='bbox 1163 2185 1214 2219; x_wconf 77' lang='lat' dir='ltr'>in.</span> 
     </span>
     <span class='ocr_line' id='line_1_28' title="bbox 340 2243 1010 2279; baseline 0.001 -2"><span class='ocrx_word' id='word_1_201' title='bbox 340 2243 384 2277; x_wconf 88' lang='lat' dir='ltr'><em>H</em></span> <span class='ocrx_word' id='word_1_202' title='bbox 415 2260 458 2273; x_wconf 70' lang='grc' dir='ltr'>Ξ</span> <span class='ocrx_word' id='word_1_203' title='bbox 487 2245 563 2278; x_wconf 78' lang='lat' dir='ltr'>cod.</span> <span class='ocrx_word' id='word_1_204' title='bbox 590 2245 797 2279; x_wconf 76' lang='lat' dir='ltr'>Palatinus</span> <span class='ocrx_word' id='word_1_205' title='bbox 823 2247 889 2278; x_wconf 78' lang='lat'>211</span> <span class='ocrx_word' id='word_1_206' title='bbox 914 2256 941 2278; x_wconf 85' lang='lat' dir='ltr'>s.</span> <span class='ocrx_word' id='word_1_207' title='bbox 964 2245 1010 2279; x_wconf 90' lang='lat' dir='ltr'>X.</span> 
     </span>
     <span class='ocr_line' id='line_1_29' title="bbox 340 2302 1035 2349; baseline 0 -11"><span class='ocrx_word' id='word_1_208' title='bbox 340 2302 376 2338; x_wconf 84' lang='lat' dir='ltr'><em>R</em></span> <span class='ocrx_word' id='word_1_209' title='bbox 417 2320 459 2332; x_wconf 73' lang='lat' dir='ltr'><em>z</em></span> <span class='ocrx_word' id='word_1_210' title='bbox 487 2304 562 2339; x_wconf 80' lang='lat' dir='ltr'>cod.</span> <span class='ocrx_word' id='word_1_211' title='bbox 590 2304 806 2349; x_wconf 66' lang='lat' dir='ltr'>Reslz&#39;nensv&#39;s</span> <span class='ocrx_word' id='word_1_212' title='bbox 835 2307 906 2339; x_wconf 88' lang='grc'>331</span> <span class='ocrx_word' id='word_1_213' title='bbox 931 2316 957 2339; x_wconf 68' lang='lat' dir='ltr'>s.</span> <span class='ocrx_word' id='word_1_214' title='bbox 987 2305 1035 2338; x_wconf 90' lang='lat' dir='ltr'>X.</span> 
     </span>
     <span class='ocr_line' id='line_1_30' title="bbox 341 2363 1103 2398; baseline 0 -2"><span class='ocrx_word' id='word_1_215' title='bbox 341 2363 387 2396; x_wconf 89' lang='lat' dir='ltr'><em>M</em></span> <span class='ocrx_word' id='word_1_216' title='bbox 418 2378 462 2391; x_wconf 68' lang='grc' dir='ltr'>Ξ</span> <span class='ocrx_word' id='word_1_217' title='bbox 490 2363 565 2397; x_wconf 77' lang='lat' dir='ltr'>cod.</span> <span class='ocrx_word' id='word_1_218' title='bbox 594 2363 836 2397; x_wconf 73' lang='lat' dir='ltr'>IlIonacensz&#39;s</span> <span class='ocrx_word' id='word_1_219' title='bbox 866 2365 973 2397; x_wconf 77' lang='lat'><em>6266</em></span> <span class='ocrx_word' id='word_1_220' title='bbox 999 2375 1025 2398; x_wconf 82' lang='lat'>8.</span> <span class='ocrx_word' id='word_1_221' title='bbox 1054 2364 1103 2397; x_wconf 92' lang='lat' dir='ltr'>X.</span> 
     </span>
     <span class='ocr_line' id='line_1_31' title="bbox 340 2422 1447 2466; baseline 0.001 -10"><span class='ocrx_word' id='word_1_222' title='bbox 340 2422 375 2455; x_wconf 87' lang='lat' dir='ltr'><strong><em>A</em></strong></span> <span class='ocrx_word' id='word_1_223' title='bbox 415 2439 458 2450; x_wconf 87' lang='lat'><strong><em>=</em></strong></span> <span class='ocrx_word' id='word_1_224' title='bbox 486 2423 561 2456; x_wconf 79' lang='lat' dir='ltr'>cod.</span> <span class='ocrx_word' id='word_1_225' title='bbox 590 2423 1001 2466; x_wconf 71' lang='lat' dir='ltr'>Audomaropolitanus</span> <span class='ocrx_word' id='word_1_226' title='bbox 1030 2425 1090 2466; x_wconf 87' lang='lat'>76,</span> <span class='ocrx_word' id='word_1_227' title='bbox 1119 2425 1153 2465; x_wconf 86' lang='grc'>8,</span> <span class='ocrx_word' id='word_1_228' title='bbox 1185 2424 1207 2456; x_wconf 90' lang='grc'><em>9</em></span> <span class='ocrx_word' id='word_1_229' title='bbox 1231 2433 1259 2456; x_wconf 82' lang='lat' dir='ltr'>s.</span> <span class='ocrx_word' id='word_1_230' title='bbox 1287 2422 1447 2458; x_wconf 85' lang='lat' dir='ltr'>X—XI.</span> 
     </span>
     <span class='ocr_line' id='line_1_32' title="bbox 343 2481 1095 2516; baseline -0.001 -1"><span class='ocrx_word' id='word_1_231' title='bbox 343 2481 385 2515; x_wconf 89' lang='lat' dir='ltr'><strong><em>K</em></strong></span> <span class='ocrx_word' id='word_1_232' title='bbox 416 2497 459 2510; x_wconf 70' lang='grc' dir='ltr'>Ξ</span> <span class='ocrx_word' id='word_1_233' title='bbox 487 2481 563 2516; x_wconf 74' lang='lat' dir='ltr'>cod.</span> <span class='ocrx_word' id='word_1_234' title='bbox 595 2481 807 2516; x_wconf 76' lang='lat' dir='ltr'>Casinensis</span> <span class='ocrx_word' id='word_1_235' title='bbox 834 2481 939 2515; x_wconf 74' lang='lat'>16217</span> <span class='ocrx_word' id='word_1_236' title='bbox 965 2493 991 2515; x_wconf 78' lang='lat' dir='ltr'>s.</span> <span class='ocrx_word' id='word_1_237' title='bbox 1020 2482 1095 2515; x_wconf 89' lang='lat' dir='ltr'>XI.</span> 
     </span>
     <span class='ocr_line' id='line_1_33' title="bbox 343 2540 1293 2584; baseline 0 -10"><span class='ocrx_word' id='word_1_238' title='bbox 343 2541 378 2574; x_wconf 90' lang='lat' dir='ltr'><em>P</em></span> <span class='ocrx_word' id='word_1_239' title='bbox 414 2557 457 2570; x_wconf 87' lang='lat'><strong><em>=</em></strong></span> <span class='ocrx_word' id='word_1_240' title='bbox 486 2540 560 2575; x_wconf 80' lang='lat' dir='ltr'>cod.</span> <span class='ocrx_word' id='word_1_241' title='bbox 589 2540 790 2575; x_wconf 60' lang='lat' dir='ltr'>Parisinus</span> <span class='ocrx_word' id='word_1_242' title='bbox 815 2552 900 2576; x_wconf 78' lang='lat' dir='ltr'>nou.</span> <span class='ocrx_word' id='word_1_243' title='bbox 931 2552 1007 2584; x_wconf 77' lang='lat' dir='ltr'>aeq.</span> <span class='ocrx_word' id='word_1_244' title='bbox 1036 2543 1141 2574; x_wconf 78' lang='lat'><strong><em>1444</em></strong></span> <span class='ocrx_word' id='word_1_245' title='bbox 1165 2552 1192 2575; x_wconf 85' lang='lat' dir='ltr'>s.</span> <span class='ocrx_word' id='word_1_246' title='bbox 1220 2541 1293 2575; x_wconf 88' lang='lat' dir='ltr'>XI.</span> 
     </span>
     <span class='ocr_line' id='line_1_34' title="bbox 343 2599 1103 2635; baseline -0.001 0"><span class='ocrx_word' id='word_1_247' title='bbox 343 2599 392 2634; x_wconf 88' lang='lat' dir='ltr'>P¹</span> <span class='ocrx_word' id='word_1_248' title='bbox 419 2617 462 2629; x_wconf 68' lang='lat'>:-</span> <span class='ocrx_word' id='word_1_249' title='bbox 491 2600 567 2635; x_wconf 83' lang='lat' dir='ltr'>cod.</span> <span class='ocrx_word' id='word_1_250' title='bbox 594 2600 796 2634; x_wconf 63' lang='lat' dir='ltr'>Parisinus</span> <span class='ocrx_word' id='word_1_251' title='bbox 822 2602 924 2634; x_wconf 81' lang='grc'><em>1686</em></span> <span class='ocrx_word' id='word_1_252' title='bbox 950 2611 977 2634; x_wconf 86' lang='lat' dir='ltr'>s.</span> <span class='ocrx_word' id='word_1_253' title='bbox 1005 2600 1103 2635; x_wconf 86' lang='lat' dir='ltr'>XII.</span> 
     </span>
     <span class='ocr_line' id='line_1_35' title="bbox 253 2716 1731 2764; baseline -0.001 -13"><span class='ocrx_word' id='word_1_254' title='bbox 253 2720 293 2751; x_wconf 73' lang='grc'><em>12</em></span> <span class='ocrx_word' id='word_1_255' title='bbox 332 2719 475 2753; x_wconf 84' lang='lat' dir='ltr'>inlustri</span> <span class='ocrx_word' id='word_1_256' title='bbox 516 2720 566 2763; x_wconf 83' lang='lat' dir='ltr'>et]</span> <span class='ocrx_word' id='word_1_257' title='bbox 604 2718 840 2764; x_wconf 80' lang='lat' dir='ltr'>praedicabili</span> <span class='ocrx_word' id='word_1_258' title='bbox 880 2730 920 2753; x_wconf 86' lang='lat' dir='ltr'>ac</span> <span class='ocrx_word' id='word_1_259' title='bbox 957 2718 1035 2752; x_wconf 80' lang='grc' dir='ltr'>ΤΡι</span> <span class='ocrx_word' id='word_1_260' title='bbox 1184 2728 1223 2752; x_wconf 81' lang='lat' dir='ltr'>ac</span> <span class='ocrx_word' id='word_1_261' title='bbox 1262 2718 1573 2762; x_wconf 85' lang='lat' dir='ltr'>praestantissimo</span> <span class='ocrx_word' id='word_1_262' title='bbox 1612 2716 1731 2751; x_wconf 79' lang='lat' dir='ltr'>CWR</span> 
     </span>
    </p>
   </div>
   <div class='ocr_carea' id='block_1_10' title="bbox 204 2770 1736 2883">
    <p class='ocr_par' dir='ltr' id='par_1_10' title="bbox 204 2770 1736 2883">
     <span class='ocr_line' id='line_1_36' title="bbox 205 2770 1736 2823; baseline -0.001 -12"><span class='ocrx_word' id='word_1_263' title='bbox 205 2779 246 2812; x_wconf 76' lang='lat'>13</span> <span class='ocrx_word' id='word_1_264' title='bbox 273 2778 513 2823; x_wconf 82' lang='lat' dir='ltr'>Augustinus]</span> <span class='ocrx_word' id='word_1_265' title='bbox 544 2779 756 2823; x_wconf 85' lang='lat' dir='ltr'>augustinus</span> <span class='ocrx_word' id='word_1_266' title='bbox 784 2778 971 2823; x_wconf 75' lang='lat' dir='ltr'>episcopus</span> <span class='ocrx_word' id='word_1_267' title='bbox 997 2776 1106 2812; x_wconf 79' lang='lat' dir='ltr'>GRK</span> <span class='ocrx_word' id='word_1_268' title='bbox 1176 2770 1198 2812; x_wconf 87' lang='lat' dir='ltr'>d</span> <span class='ocrx_word' id='word_1_269' title='bbox 1224 2778 1261 2811; x_wconf 88' lang='lat' dir='ltr'><em>D</em></span> <span class='ocrx_word' id='word_1_270' title='bbox 1289 2777 1368 2814; x_wconf 80' lang='lat' dir='ltr'>deo.</span> <span class='ocrx_word' id='word_1_271' title='bbox 1393 2788 1436 2812; x_wconf 83' lang='lat' dir='ltr'>m,</span> <span class='ocrx_word' id='word_1_272' title='bbox 1466 2779 1489 2810; x_wconf 78' lang='lat'><em>3</em></span> <span class='ocrx_word' id='word_1_273' title='bbox 1522 2776 1664 2810; x_wconf 89' lang='lat' dir='ltr'>domino</span> <span class='ocrx_word' id='word_1_274' title='bbox 1691 2776 1736 2809; x_wconf 84' lang='lat' dir='ltr'><em>H</em></span> 
     </span>
     <span class='ocr_line' id='line_1_37' title="bbox 204 2836 1732 2883; baseline -0.001 -12"><span class='ocrx_word' id='word_1_275' title='bbox 204 2839 247 2871; x_wconf 81' lang='lat'>14</span> <span class='ocrx_word' id='word_1_276' title='bbox 268 2838 409 2872; x_wconf 81' lang='lat' dir='ltr'>litteras</span> <span class='ocrx_word' id='word_1_277' title='bbox 429 2844 510 2872; x_wconf 84' lang='lat' dir='ltr'>tuas</span> <span class='ocrx_word' id='word_1_278' title='bbox 531 2839 604 2883; x_wconf 87' lang='lat' dir='ltr'>legi</span> <span class='ocrx_word' id='word_1_279' title='bbox 619 2839 651 2871; x_wconf 83' lang='lat' dir='ltr'><em>A</em></span> <span class='ocrx_word' id='word_1_280' title='bbox 728 2837 910 2872; x_wconf 80' lang='lat' dir='ltr'>cuiusdam</span> <span class='ocrx_word' id='word_1_281' title='bbox 932 2838 1053 2882; x_wconf 86' lang='lat' dir='ltr'>magni</span> <span class='ocrx_word' id='word_1_282' title='bbox 1075 2838 1121 2870; x_wconf 75' lang='lat'>1³¹</span> <span class='ocrx_word' id='word_1_283' title='bbox 1198 2836 1352 2880; x_wconf 82' lang='lat' dir='ltr'>dialogis</span> <span class='ocrx_word' id='word_1_284' title='bbox 1374 2836 1415 2869; x_wconf 84' lang='lat' dir='ltr'><strong><em>K</em></strong></span> <span class='ocrx_word' id='word_1_285' title='bbox 1464 2837 1506 2870; x_wconf 80' lang='lat'>15</span> <span class='ocrx_word' id='word_1_286' title='bbox 1527 2836 1681 2880; x_wconf 77' lang='lat' dir='ltr'>speciem</span> <span class='ocrx_word' id='word_1_287' title='bbox 1701 2836 1732 2869; x_wconf 88' lang='grc' dir='ltr'><em>Τ</em></span> 
     </span>
    </p>
   </div>
  </div>
 </body>
</html>
