1952 3118
587 211 938 257 epistularum
977 210 1131 246 CXLIX.
1538 215 1624 256 355

12 341 38 383 8
156 342 247 384 Hoc
305 342 407 383 cinis
463 354 615 384 uaccae
667 345 708 384 et
758 342 945 395 aspersio
1003 342 1221 397 sanguinis
1273 345 1315 384 et
1364 346 1632 385 cruentarum

97 413 396 466 multiplicatio
411 413 680 455 uictimarum
698 412 974 467 significabat,
991 426 1070 454 non
1087 413 1305 455 efficiebat.
1325 414 1420 456 ideo
1437 414 1630 468 deinceps

98 485 219 527 dicit:
253 483 363 526 Non
398 484 737 539 congregabo
771 484 1165 525 conuenticula
1204 497 1382 526 eorum
1424 485 1482 526 de
1523 499 1632 527 san-

98 555 373 611 guinibus,
406 555 448 596 id
476 558 541 596 est
566 555 735 596 illorum
763 554 1079 599 sacrificiorum.
1109 568 1215 608 quae
1239 556 1566 598 immolabantur
1591 557 1632 598 in

55 641 72 667 ⁵
97 627 230 682 figura
250 626 465 680 sanguinis
488 625 658 668 Christi.
687 638 778 666 nec
805 638 998 666 memor
1026 638 1111 667 ero
1139 626 1629 668 1101111111111111101·11111

97 711 187 753 per
206 697 351 739 labia
372 710 493 739 mea.
522 697 691 739 uomina
712 697 865 750 quippe
888 697 1057 738 illorum
1080 701 1196 738 erant
1215 698 1255 738 in
1277 698 1632 751 multiplicatione

95 769 390 811 infirmitatum
416 769 801 818 fornicatoreS,
827 768 997 810 idolis
1027 769 1352 811 seruientes.
1381 769 1631 822 adulteri,

96 839 302 890 molles,
358 839 722 880 masculorum
780 838 1181 888 concubitores,
1239 838 1405 889 fures,
1464 840 1634 890 auari,

94 914 353 964 raptores,
389 910 610 953 ebriosi.
644 909 898 951 maledici
932 912 974 951 et
1005 910 1261 963 quicumque
1294 910 1365 951 alii
1405 923 1627 965 regnum

38 995 73 1021 ιο
97 981 180 1023 dei
231 994 328 1022 non
378 981 755 1034 possidebunt.
807 980 881 1022 sed
925 981 999 1022 ubi
1044 980 1350 1023 abundante
1401 984 1630 1034 peccato

96 1051 570 1106 superabundauit
619 1052 796 1106 gratia
848 1054 890 1093 et
926 1056 1117 1105 postea
1161 1053 1630 1103 accelerauerunt,

96 1123 222 1165 haec
274 1123 485 1176 quidem
535 1123 718 1170 fuerunt,
771 1122 862 1164 sed
913 1123 1089 1164 abluti
1136 1125 1247 1172 sunt,
1295 1123 1386 1164 sed
1432 1124 1634 1165 sancti-

94 1194 252 1237 ficati
299 1197 410 1245 sunt,
453 1194 545 1236 sed
590 1194 900 1235 iustificati
939 1196 1039 1235 sunt
1083 1194 1132 1234 in
1180 1194 1387 1236 nomine
1427 1194 1633 1236 domini

95 1267 269 1308 nostri
312 1266 435 1308 Iesu
482 1265 691 1308 Christi
731 1271 781 1306 et
818 1265 867 1306 in
914 1265 1117 1319 spiritu
1164 1265 1247 1307 dei
1292 1266 1491 1314 nostri;
1538 1266 1631 1308 ideo

39 1350 192 1379 151101]
244 1349 437 1379 memor
481 1337 559 1377 erit
615 1336 883 1378 nominum
942 1336 1165 1377 illorum
1210 1349 1303 1390 per
1347 1337 1493 1378 labia
1539 1350 1631 1379 sua.

100 1421 196 1450 sane
231 1408 396 1449 codices
430 1408 734 1449 emendatiores
763 1414 804 1449 et
831 1408 1041 1449 electioris
1070 1408 1334 1450 auctoritatis
1366 1421 1446 1450 non
1478 1409 1632 1450 habent

101 1480 432 1522 ‘uoluntates
466 1485 605 1522 suas'
638 1479 710 1520 sed
746 1480 1082 1522 ‘uoluntates
1117 1484 1285 1528 meas',
1321 1479 1431 1533 quod
1464 1482 1635 1522 tantun·

0 1547 3 1624 ἰ
102 1550 195 1592 dem
221 1551 348 1599 ualet,
377 1551 474 1604 quia
493 1563 539 1592 ex
560 1564 737 1604 persona
757 1550 832 1591 filii
856 1550 920 1592 dei
943 1550 1110 1592 dicitur.
1137 1550 1228 1604 ipse
1250 1551 1403 1604 quippe
1429 1551 1630 1604 loquitur,

101 1635 226 1676 quem
264 1622 393 1663 uerba
430 1622 503 1663 illa
542 1622 759 1663 euidenter
798 1622 1038 1670 ostendunt,
1079 1622 1233 1675 quibus
1267 1624 1309 1663 et
1347 1623 1528 1676 apostoli
1567 1623 1634 1664 usi

43 1706 78 1733 ιο
103 1696 220 1734 sunt:
253 1692 362 1735 Non
397 1693 747 1747 derelinques
782 1694 1006 1734 animam
1034 1706 1197 1734 meam
1225 1693 1274 1734 in
1302 1693 1515 1735 inferno
1544 1706 1637 1735 nec

104 1763 253 1805 dabis
300 1767 541 1806 sanctum
586 1767 733 1805 tuum
780 1764 965 1806 uidere
1017 1764 1437 1817 corruptionem.
1491 1765 1636 1806 eadem

104 1836 202 1876 sunt
239 1835 385 1888 utique
425 1848 598 1876 munera
636 1836 794 1890 gratiae
833 1836 963 1889 patris
1004 1840 1045 1876 et
1083 1835 1157 1876 filii
1199 1837 1241 1877 et
1284 1836 1458 1888 spiritus
1505 1836 1639 1877 sancti

104 1907 145 1946 et
182 1905 275 1946 ideo
309 1905 543 1947 rectissime
578 1908 619 1947 et
651 1906 763 1948 filius
797 1919 865 1948 eas
899 1909 1041 1960 potest
1073 1906 1211 1947 dicere
1245 1908 1488 1948 uoluntates
1522 1918 1636 1948 suas.

222 2071 258 2110 3;
287 2072 307 2104 5
334 2070 391 2105 Ps.
422 2071 475 2110 15,
502 2071 524 2105 4
576 2069 1035 2114 7;12100r.6‚9—11
1096 2071 1141 2105 ‘20
1167 2071 1225 2104 ΡΒ.
1255 2070 1393 2114 15,10;
1423 2071 1500 2104 Aet.
1528 2071 1561 2114 2,
1589 2071 1634 2104 27

155 2164 169 2197 l
199 2164 302 2209 cinis]
332 2165 366 2198 in
395 2165 450 2199 his
480 2164 513 2199 G
580 2166 600 2199 2
624 2168 708 2209 post
734 2165 959 2199 uictimarum
987 2176 1060 2198 ras.
1091 2167 1189 2199 3-4
1217 2165 1238 2199 l.
1268 2168 1298 2199 et
1326 2165 1405 2206 sign
1433 2165 1473 2198 'in
1501 2175 1573 2199 ras.
1596 2163 1638 2198 K

153 2223 318 2258 efficebat
344 2223 387 2258 ΙΙ
456 2225 477 2258 4
504 2224 770 2260 immolabatur.
797 2236 840 2259 m.
875 2228 888 2258 1
917 2235 1007 2259 corr.
1038 2224 1318 2258 immolabantur
1352 2224 1383 2256 V
1466 2226 1486 2258 5
1514 2235 1637 2258 eorum

18 2225 25 2361 x
115 2281 185 2316 VK
215 2282 292 2317 edd.
325 2295 391 2318 sec.
431 2283 534 2327 Vulq.
566 2283 754 2328 (Septzcaq.
789 2283 915 2325 αὔτῶν)
1013 2284 1034 2317 6
1062 2283 1202 2317 illorum
1236 2286 1270 2326 (ο
1302 2284 1344 2317 in
1376 2287 1465 2319 ras.)
1493 2287 1569 2317 erat
1597 2283 1639 2316 H

22 2366 25 2391 3
108 2342 126 2375 7
159 2342 405 2376 fornicationes
431 2345 541 2386 (post.
569 2343 579 2376 i
607 2346 699 2387 exp.)
735 2342 766 2375 V
892 2344 912 2376 ὅ
941 2343 1189 2387 concupitores
1215 2343 1262 2376 M
1390 2343 1432 2377 10
1459 2354 1529 2376 non
1555 2353 1636 2384 om,

23 2398 25 2403 ’
107 2411 134 2434 s.
159 2412 194 2436 u.
223 2412 266 2434 m.
293 2405 311 2435 1
338 2401 422 2437 add.
459 2401 489 2435 V
615 2401 675 2435 ubi
702 2413 745 2436 m.
774 2403 799 2435 2
825 2401 893 2436 del.
914 2402 949 2435 P
1072 2403 1110 2436 ll
1141 2401 1466 2446 superabundauitl
1495 2401 1636 2435 habun-

23 2406 29 2506 i
110 2457 210 2493 dauit
236 2461 268 2493 A
343 2467 378 2494 et
404 2471 469 2494 om.
498 2460 540 2494 H
563 2460 641 2495 edd.
698 2461 736 2494 12
767 2461 909 2494 fuerant
930 2460 973 2494 H
1042 2465 1126 2494 sunt
1152 2472 1230 2496 om..
1258 2472 1302 2494 m.
1330 2464 1348 2494 1
1372 2471 1399 2494 s.
1426 2471 1460 2493 u.
1491 2459 1575 2493 adel.
1611 2460 1639 2493 V

27 2508 31 2568 ξ
157 2519 360 2562 significati,
388 2530 431 2553 m.
459 2522 484 2553 2
509 2520 724 2554 sanctificati
751 2520 792 2553 K
885 2520 925 2553 13
952 2519 1013 2553 sed
1041 2520 1226 2554 iustifivati
1254 2524 1335 2553 sunt
1363 2531 1429 2554 om.
1459 2519 1503 2553 M
1527 2527 1568 2561 (s.
1598 2530 1636 2552 u.

28 2572 34 2664 ⁴,
110 2587 153 2610 m.
180 2580 198 2610 1
224 2577 324 2619 add.)
355 2579 388 2613 G
487 2579 530 2612 14
556 2579 669 2612 nostri
696 2590 762 2613 om.
792 2590 824 2612 m
935 2579 1098 2623 spiritum
1129 2578 1169 2612 K
1238 2606 1243 2608 .
1268 2580 1308 2612 15
1336 2579 1475 2612 illorum
1504 2590 1570 2612 om.
1602 2578 1635 2610 G

112 2646 229 2670 eorum
264 2636 295 2670 V
393 2648 483 2679 mea,
510 2649 553 2672 m.
582 2640 607 2671 2
632 2649 697 2671 sua
722 2638 758 2671 P
879 2638 920 2671 16
949 2639 1197 2672 emendatores
1224 2638 1299 2671 HA
1404 2638 1567 2671 electoris
1595 2636 1638 2671 H

32 2673 37 2744 1
159 2697 393 2730 auctoritates
419 2696 461 2729 K
581 2697 622 2731 18
651 2696 706 2730 dei
735 2697 798 2730 filii
827 2697 868 2730 Il
893 2697 956 2730 filii
985 2702 1073 2735 (om.¹
1102 2696 1173 2732 dei)
1210 2697 1384 2740 Vslrm
1510 2697 1551 2730 19
1577 2696 1639 2730 ille

36 2750 39 2801 1
114 2752 287 2797 uidenter,
313 2767 357 2789 m.
386 2758 411 2789 2
436 2755 499 2789 illa
525 2755 712 2790 euidenter
741 2756 773 2789 G
871 2757 916 2790 20
945 2756 1194 2800 derelinquens
1224 2757 1262 2789 II
1359 2756 1399 2789 21
1430 2759 1530 2789 tuum
1558 2766 1638 2794 om..

119 2823 146 2846 ε.
173 2823 207 2848 u.
234 2825 277 2848 m.
305 2817 323 2847 1
349 2814 435 2848 adel.
471 2814 502 2847 V
598 2815 823 2860 corruptione
851 2815 890 2849 K
963 2816 1007 2849 23
1035 2816 1203 2849 uoluntas
1232 2817 1265 2849 A

39 2878 44 2919 1
1527 2883 1593 2918 93*

43 2956 46 2973 l

45 3008 48 3032 Ι
