1952 3118
71 1018 105 1043 10

69 1373 102 1400 15

68 1731 103 1756 20

623 231 926 275 epistularu
943 242 977 265 m
1017 230 1177 267 CXLIII.
1582 235 1666 275 253

136 373 240 414 quae
285 360 454 413 quidem
500 361 591 402 laus
642 360 837 414 quamuis
888 360 1224 414 praeclarissima
1274 361 1482 410 uideatur,
1528 364 1665 403 tamen

134 432 373 474 credibilior
410 434 474 473 est
513 432 561 473 de
600 431 777 472 nimium
817 432 932 473 fatuo
974 445 1098 485 quam
1138 432 1187 473 de
1234 432 1421 484 sapiente
1466 433 1665 486 perfecto.

134 518 228 546 nam
273 506 315 545 et
357 503 433 554 illi,
480 517 585 557 quos
631 504 762 557 uulgo
807 502 1015 544 moriones
1061 505 1227 552 uocant,
1269 506 1423 556 quanto
1470 504 1605 556 magis
1645 517 1667 544 a

134 589 258 618 sensu
298 576 512 617 communi
552 574 769 615 dissonant
807 574 1027 628 magisque
1066 573 1239 615 absurdi
1278 576 1319 615 et
1357 574 1507 615 insulsi
1553 578 1664 623 sunt,

131 651 246 688 tanto
286 646 419 702 magis
458 646 621 687 nullum
663 645 836 686 uerbum
878 645 1092 695 emittunt,
1133 646 1242 698 quod
1281 658 1477 686 reuocare
1518 646 1664 687 uelint·

133 719 228 772 quia
273 718 375 759 dicti
420 718 519 758 mali
564 716 632 758 uel
677 716 799 758 stulti
843 716 913 757 uel
957 716 1212 758 incommodi
1262 717 1473 770 paenitere
1518 717 1664 769 utique

132 789 397 831 cordatorum
431 791 507 830 est.
542 788 614 829 sed
649 789 683 829 si
716 787 756 828 in
790 788 941 828 bonam
974 790 1134 841 partem
1171 788 1413 841 accipiatur,
1443 790 1489 828 ut
1523 800 1665 841 quem-

130 862 241 915 piam
262 860 389 901 talem
410 860 542 901 fuisse
565 859 798 908 credamus,
815 859 884 912 qui
901 871 997 900 cum
1020 859 1229 912 sapienter
1250 859 1390 900 omnia
1408 859 1664 912 loqueretur.

130 932 293 973 nullum
333 944 532 985 umquam
579 931 768 981 uerbum,
809 930 920 983 quod
964 942 1161 971 reuocare
1206 930 1350 972 uellet.
1391 931 1545 972 emisit.
1584 931 1662 972 hoc

129 1003 270 1057 potius
311 1003 359 1044 de
399 1002 639 1045 hominibus
674 1002 754 1051 dei,
788 1002 859 1054 qui
894 1002 1044 1054 spiritu
1080 1004 1224 1043 sancto
1264 1002 1345 1042 acti
1378 1002 1510 1043 locuti
1550 1004 1661 1051 sunt,

129 1087 253 1127 quam
299 1074 348 1116 de
391 1074 479 1124 illo,
528 1086 652 1126 quem
697 1073 757 1114 sic
799 1072 943 1114 Cicero
988 1073 1147 1123 laudat,
1187 1073 1462 1114 saluberrima
1505 1073 1662 1126 pietate

130 1145 379 1187 credendum
415 1148 491 1186 est.
526 1145 576 1186 ab
609 1145 686 1185 hac
721 1156 797 1197 ego
832 1143 1076 1185 excellentia
1115 1147 1199 1185 tam
1240 1145 1364 1198 longe
1402 1144 1566 1194 absum,
1600 1146 1660 1192 ut,

129 1217 163 1257 si
197 1217 358 1257 nullum
393 1216 583 1265 uerbum,
613 1215 724 1268 quod
756 1228 951 1256 reuocare
984 1216 1154 1256 uellem.
1182 1216 1409 1265 protulero,
1437 1215 1552 1256 fatuo
1581 1214 1660 1255 sim

128 1300 250 1340 quam
297 1287 476 1341 sapienti
522 1286 713 1328 similior.
765 1286 882 1327 illius
934 1286 1088 1339 quippe
1140 1287 1295 1338 scripta
1347 1299 1512 1327 summa
1562 1289 1660 1326 sunt

127 1358 376 1400 auctoritate
409 1358 670 1412 dignissima,
699 1357 769 1410 qui
797 1357 960 1398 nullum
994 1357 1185 1400 uerbum.
1214 1370 1293 1398 non
1328 1356 1439 1410 quod
1465 1368 1660 1397 reuocare

126 1429 271 1472 uellet.
299 1429 373 1470 sed
405 1429 513 1482 quod
540 1441 737 1471 reuocare
765 1429 945 1479 deberet,
973 1428 1124 1470 emisit.
1151 1429 1229 1469 hoc
1256 1428 1447 1482 quisquis
1475 1428 1659 1468 nondum

127 1502 191 1542 est
223 1500 464 1550 adsecutus,
500 1500 705 1542 secundas
739 1500 892 1541 habeat
923 1503 1062 1553 partes
1095 1499 1339 1548 modestiae,
1374 1499 1472 1552 quia
1505 1499 1658 1551 primas

127 1584 205 1613 non
250 1571 390 1624 potuit
434 1571 584 1612 habere
630 1571 878 1625 sapientiae:
932 1571 1030 1623 quia
1080 1583 1158 1611 non
1210 1571 1347 1612 ualuit
1397 1570 1534 1611 omnia
1577 1582 1656 1611 non

126 1642 375 1695 paenitenda
402 1642 622 1696 diligenter
648 1642 816 1684 dixisse.
839 1642 1063 1696 paeniteat,
1085 1655 1189 1695 quae
1211 1641 1458 1696 cognouerit
1484 1640 1657 1682 dicenda

127 1726 205 1755 non
237 1714 382 1756 fuisse.

187 1784 290 1827 Cum
331 1798 426 1840 ergo
471 1799 564 1834 non,
606 1786 717 1826 sicut
756 1784 926 1838 quidam
967 1785 1173 1826 carissimi
1212 1784 1294 1825 mei
1339 1786 1501 1837 putant,
1542 1782 1656 1824 nulla

126 1857 194 1897 uel
237 1869 368 1910 pauca
413 1857 486 1898 sed
530 1857 671 1911 potius
716 1857 836 1910 plura
880 1856 1073 1897 fortasse.
1119 1868 1243 1909 quam
1289 1855 1414 1896 etiam
1459 1853 1651 1895 maledici

175 2065 189 2098 1
219 2065 384 2099 uideatur
411 2067 529 2103 (eatur
553 2077 597 2101 m.
626 2069 650 2099 2
676 2066 715 2099 in
739 2069 830 2107 ras.)
857 2064 899 2098 K
1018 2064 1038 2096 2
1066 2066 1121 2098 est
1148 2074 1216 2097 om.
1243 2063 1279 2096 P
1414 2063 1535 2103 nimio,
1563 2074 1606 2096 m.
1634 2066 1651 2095 1

125 2123 193 2167 (??)
220 2134 309 2159 corr.
336 2124 486 2158 nimium
515 2124 548 2159 G
646 2124 817 2169 perfecto,
845 2134 889 2158 m.
918 2126 943 2157 2
967 2134 1083 2167 supra
1109 2123 1249 2168 prolata
1279 2122 1309 2156 C
1404 2123 1424 2156 3
1452 2122 1576 2166 uulgo]
1606 2133 1649 2154 uo

125 2184 231 2227 (exp.)
257 2183 364 2227 uulgo
395 2183 427 2217 G
501 2184 680 2217 muriones
710 2183 743 2218 G
824 2186 941 2226 uocat,
970 2194 1012 2216 m.
1040 2185 1058 2216 1
1084 2193 1173 2216 corr.
1204 2184 1335 2216 uocant
1362 2181 1408 2215 M
1481 2193 1500 2215 a
1527 2183 1648 2224 sensnl

126 2253 272 2276 ascensu
292 2243 362 2278 AC
385 2246 417 2285 (c
439 2254 481 2276 m.
504 2246 529 2277 2
549 2243 633 2284 del.)
685 2243 706 2276 4
727 2241 1081 2276 cominundissonant
1101 2242 1141 2275 K
1213 2241 1311 2275 surdi
1334 2242 1367 2275 G
1418 2242 1438 2273 Γ»
1460 2244 1593 2285 quanto
1612 2241 1649 2274 A·

171 2301 333 2336 emittere
361 2302 488 2336 uolunt
515 2302 609 2347 quod
639 2301 672 2336 G
769 2304 789 2334 6
817 2301 924 2338 dicta.
951 2314 995 2335 m.
1024 2304 1041 2334 1
1067 2312 1157 2335 corr.
1186 2300 1274 2335 dicti
1301 2300 1349 2334 M
1462 2300 1518 2334 uel
1544 2300 1648 2334 inim-

125 2360 298 2395 commodi
330 2362 358 2395 (J
454 2362 614 2406 penitere
641 2362 744 2403 (itere
770 2373 814 2394 m.
843 2363 867 2394 2
892 2361 932 2394 in
959 2364 1046 2400 ras.)
1075 2360 1115 2393 K
1206 2360 1223 2393 Τ
1253 2363 1307 2393 est
1332 2371 1412 2401 om„
1439 2371 1482 2392 m.
1510 2361 1535 2392 2
1562 2359 1648 2392 add.

127 2419 157 2452 (J
297 2421 327 2454 si
354 2432 420 2454 om.
448 2420 535 2455 P¹G
569 2422 625 2463 (m.
654 2424 672 2454 1
699 2420 802 2465 add.)
923 2420 944 2453 9
973 2419 1064 2453 uelle
1098 2422 1134 2453 te
1161 2419 1270 2458 misit,
1297 2430 1341 2453 m.
1370 2422 1394 2451 2
1420 2429 1509 2453 corr.
1539 2418 1645 2451 uellet

126 2479 243 2513 emisit
269 2478 315 2512 Ρι
440 2480 481 2513 12
510 2491 593 2523 ergo
621 2479 789 2513 PMP‘G
816 2482 872 2522 (m.
902 2482 920 2512 1
947 2478 966 2512 12
991 2489 1080 2513 corr.
1109 2489 1189 2522 ego>
1308 2479 1351 2512 13
1379 2478 1500 2512 uellim
1529 2476 1609 2517 «ult.
1636 2476 1647 2509 l

125 2547 230 2579 eras.)
259 2538 294 2572 P
318 2539 424 2572 uelim
455 2539 485 2572 (J
542 2540 581 2572 14
610 2539 785 2583 sapienti«-
805 2538 898 2581 (fuit
923 2539 955 2578 s)
982 2537 1022 2572 H
1101 2548 1238 2575 sumina
1263 2548 1330 2572 om.
1358 2537 1398 2570 K
1453 2537 1495 2570 16
1524 2535 1646 2578 uellet]

126 2596 234 2630 uellet
261 2598 379 2631 emisit
403 2598 467 2632 sed
492 2608 548 2640 (yn.
577 2601 595 2631 1
622 2600 653 2640 12)
681 2598 747 2632 del.
776 2598 898 2631 emisit
927 2596 959 2630 G
1107 2597 1148 2630 17
1183 2596 1262 2630 scds
1302 2596 1404 2630 sedas
1438 2595 1531 2638 (sc-ds
1559 2606 1601 2627 m.
1633 2596 1647 2626 1

125 2654 206 2698 del.)
230 2655 279 2690 M
348 2656 458 2690 habet
483 2657 531 2690 M
602 2658 733 2702 primas
761 2658 846 2700 non}
877 2667 945 2690 non
973 2655 1069 2698 (delo
1099 2656 1229 2701 primas
1258 2666 1325 2689 non
1355 2655 1397 2688 H
1478 2655 1517 2687 1⁸
1546 2653 1644 2697 quial

124 2716 164 2747 ut
189 2715 272 2758 quia.
301 2715 333 2750 G
457 2716 499 2750 19
527 2716 734 2760 diligenter}
764 2715 881 2749 dicere
912 2715 943 2748 G
1090 2715 1253 2760 peniteat
1286 2718 1394 2759 atquo
1422 2713 1455 2746 P
1489 2724 1530 2757 pq
1549 2713 1551 2719 ⁴
1570 2715 1645 2745 teat

125 2782 214 2816 quae
239 2774 273 2807 A
298 2775 484 2820 peniteatq
510 2778 569 2817 (m.
597 2778 622 2808 2
648 2775 732 2809 add.
761 2778 816 2820 ung)
843 2773 890 2808 Ι)ι
987 2775 1028 2808 21
1061 2785 1144 2817 ergo
1172 2785 1240 2808 om.
1269 2775 1300 2807 ‚A
1423 2773 1472 2805 sic·
1499 2775 1530 2813 (c-
1556 2782 1600 2804 m.
1631 2773 1646 2803 1

124 2831 162 2864 in
189 2843 260 2865 ras.
288 2835 380 2867 1—2
407 2833 444 2875 l.)
471 2834 515 2867 M
586 2835 631 2867 2⁴2
658 2834 840 2868 maledici*
867 2833 902 2867 II
