1952 3118
312 176 396 217 338
784 174 818 209 S.
858 174 1038 209 Aureli
1079 176 1369 221 Augustini

313 304 470 346 domini
509 305 573 345 est
610 303 705 344 hinc
745 305 889 356 aperta
921 304 1140 353 sententia,
1187 304 1256 345 ubi
1290 304 1348 345 ait
1381 305 1429 346 de
1468 307 1767 348 resurrecturis
1800 308 1840 348 in

311 388 508 429 regnum:
560 375 714 415 Erunt
765 374 1002 428 aequales
1054 376 1249 429 angelis
1302 376 1392 417 dei.
1443 376 1553 417 unde
1597 377 1708 418 idem
1752 378 1842 432 ipse

313 448 483 488 sanctus
521 447 807 499 Hieronymus
847 446 947 486 alibi
986 446 1046 487 sic
1081 446 1198 487 dicit:
1238 447 1388 488 ‘Homo
1427 447 1558 502 igitur
1596 449 1662 489 dei
1693 448 1842 490 faciem

312 518 453 559 uidere
486 530 565 558 non
599 518 756 571 potest;
792 517 931 571 angeli
964 520 1105 558 autem
1139 518 1265 559 etiam
1293 518 1561 560 minimorum
1594 520 1634 560 in
1668 521 1845 561 ecclesia

313 601 477 641 semper
508 588 654 629 uident
685 588 835 629 faciem
870 588 949 630 dei.
985 591 1026 630 et
1060 590 1256 630 nuncin
1287 591 1491 643 speculo
1525 590 1769 642 uidemus,
1796 592 1843 632 in
1889 607 1906 633 5

314 660 618 714 aenigmate,
670 661 788 700 tunc
840 662 1004 701 autem
1054 660 1184 701 facie
1236 661 1292 701 ad
1343 661 1534 711 faciem,
1587 662 1750 715 quando
1795 663 1844 703 de

313 731 553 773 hominibus
580 731 621 772 in
649 732 820 785 angelos
848 731 1149 784 profecerimus
1176 734 1217 773 et
1242 732 1504 785 potuerimus
1533 745 1627 774 cum
1656 734 1844 786 apostolo

315 802 469 843 dicere:
497 802 597 844 Nos
626 805 789 843 autem
818 815 984 844 omnes
1012 803 1238 845 reuelata
1264 804 1394 845 facie
1422 805 1632 858 gloriam
1661 805 1845 846 domini

316 874 636 927 speculantes
687 874 734 914 in
786 874 986 915 eandem
1037 874 1303 928 imaginem
1356 875 1777 917 transformamur
1823 889 1845 916 a

316 945 477 999 gloria
502 945 549 985 in
572 944 783 999 gloriam
811 948 1063 999 tamquam
1092 959 1114 987 a
1142 946 1327 987 domini
1355 946 1554 999 spiritu,
1575 946 1675 988 licet
1694 946 1840 988 faciem
1871 962 1905 987 ιο

316 1016 380 1057 dei
411 1016 527 1057 iuxta
558 1018 731 1057 naturae
764 1029 864 1057 suae
902 1017 1201 1070 proprietatem
1242 1017 1357 1058 nulla
1395 1017 1537 1058 uideat
1576 1020 1766 1059 creatura
1805 1020 1846 1058 et

313 1090 414 1129 tunc
445 1089 586 1128 mente
620 1090 824 1138 cernatur,
859 1088 1022 1141 quando
1056 1088 1285 1129 inuisibilis
1319 1089 1529 1130 creditur’.

373 1160 419 1200 In
446 1159 511 1200 his
538 1158 678 1200 uerbis
712 1159 894 1200 hominis
923 1159 989 1200 dei
1016 1160 1151 1200 multa
1178 1160 1479 1201 consideranda
1512 1162 1629 1201 sunt:
1662 1159 1844 1212 primum

316 1231 414 1283 quia
451 1230 682 1271 secundum
728 1230 1038 1283 apertissimam
1084 1230 1241 1272 domini
1287 1232 1540 1272 sententiam
1585 1231 1710 1272 etiam
1754 1231 1844 1284 ipse

317 1302 446 1343 sentit
476 1303 576 1342 tunc
609 1314 684 1343 nos
717 1301 886 1343 uisuros
919 1301 1068 1342 faciem
1104 1301 1182 1351 dei,
1221 1314 1316 1342 cum
1348 1302 1389 1342 in
1422 1302 1593 1356 angelos
1626 1302 1845 1354 profeceri-
1872 1316 1906 1343 15

316 1387 423 1425 mus,
460 1374 504 1414 id
536 1376 600 1414 est
631 1373 826 1426 aequales
860 1373 1021 1427 angelis
1054 1373 1155 1414 facti
1186 1372 1403 1423 fuerimus,
1446 1373 1557 1426 quod
1590 1373 1667 1414 erit
1700 1372 1844 1426 utique

315 1446 356 1486 in
381 1445 683 1486 resurrectione
715 1447 990 1486 mortuorum.
1024 1444 1169 1485 deinde
1204 1445 1435 1498 apostolico
1468 1444 1713 1486 testimonio
1742 1444 1844 1485 satis

317 1517 480 1569 aperuit
500 1529 579 1557 non
602 1515 815 1557 exterioris
831 1516 904 1557 sed
919 1516 1126 1557 interioris
1142 1516 1321 1557 hominis
1336 1516 1485 1557 faciem
1506 1515 1844 1570 intellegendam.

318 1600 411 1628 cum
439 1587 680 1628 uidebimus
706 1587 837 1628 facie
864 1587 920 1628 ad
947 1587 1148 1636 faciem;
1173 1587 1221 1627 de
1242 1587 1349 1628 facie
1371 1587 1525 1640 quippe
1547 1587 1683 1628 cordis
1704 1588 1846 1639 loque-

317 1658 440 1699 batur
471 1659 703 1711 apostolus,
739 1671 832 1699 cum
869 1658 1036 1709 diceret,
1072 1658 1182 1711 quod
1216 1658 1311 1699 hinc
1346 1658 1711 1699 commemorauit:
1746 1657 1845 1698 Nos
1873 1672 1908 1697 ρο

319 1732 481 1771 autem
519 1730 746 1771 reuelata
784 1729 913 1771 facie
954 1730 1164 1784 gloriam
1210 1729 1393 1770 domini
1442 1729 1762 1782 speculantes
1801 1728 1847 1769 iu

320 1801 520 1842 eandem
572 1801 838 1855 imaginem
889 1800 1317 1842 transformamur.
1377 1800 1488 1853 quod
1540 1800 1574 1841 si
1626 1800 1848 1852 quisquam

320 1872 499 1921 dubitat,
539 1874 752 1913 recenseat
784 1872 959 1913 eundem
994 1873 1135 1912 locum
1169 1874 1210 1912 et
1242 1871 1455 1921 adtendat,
1490 1871 1597 1911 unde
1632 1871 1850 1923 apostolus

317 1943 581 1996 loquebatur,
629 1943 677 1984 de
716 1943 926 1984 uelamine
967 1942 1142 1991 scilicet,
1190 1943 1300 1994 quod
1344 1944 1509 1983 manet
1546 1942 1592 1983 in
1632 1941 1848 1982 lectione

320 2015 511 2056 ueteris
545 2014 850 2065 testamenti,
886 2014 1016 2055 donec
1044 2014 1222 2067 quisque
1257 2016 1441 2055 transeat
1468 2013 1518 2055 ad
1547 2013 1775 2057 Christum.
1803 2015 1850 2054 ut
1875 2028 1910 2053 25

438 2155 458 2188 2
485 2154 569 2188 Luc.
598 2154 652 2194 20,
680 2155 741 2192 36;
769 2153 900 2188 Matth.
927 2154 983 2197 22,
1011 2154 1074 2194 30;
1101 2153 1210 2188 Marc.
1240 2154 1294 2197 12,
1316 2154 1360 2187 25
1436 2154 1456 2187 3
1483 2153 1630 2187 Hieron.
1658 2159 1848 2187 comment.

319 2214 355 2248 in
380 2214 441 2248 Es.
470 2226 496 2250 c.
524 2213 541 2247 I
570 2225 601 2247 u.
632 2214 674 2247 10
702 2213 838 2257 (Migne
864 2214 994 2257 patrol.
1021 2213 1084 2246 lat.
1111 2213 1230 2246 XXIV
1258 2225 1292 2258 p.
1320 2213 1376 2253 33,
1408 2213 1559 2257 12-24)
1668 2213 1690 2246 4
1717 2211 1846 2245 Matr-h.

323 2274 376 2317 18,
405 2273 448 2309 10
522 2274 542 2306 5
568 2272 585 2306 Ι
613 2272 691 2307 Cor.
721 2272 775 2308 13.
806 2273 846 2306 12
923 2273 942 2306 8
969 2272 1005 2306 Π
1033 2272 1110 2307 Cor.
1140 2273 1173 2313 3,
1203 2273 1248 2306 18
1326 2272 1464 2306 10—12
1492 2289 1535 2300 =
1563 2283 1596 2315 p.
1624 2271 1704 2314 339,
1732 2272 1845 2305 9—11

323 2334 367 2366 20
393 2333 428 2366 ΙΙ
457 2332 535 2367 Cor.
563 2333 595 2373 3,
626 2333 668 2366 18
743 2333 788 2366 ‘24
814 2332 849 2365 II
878 2331 956 2366 Cor.
984 2332 1016 2373 3,
1046 2332 1089 2366 14
1163 2332 1207 2366 25
1235 2331 1270 2365 11
1299 2331 1376 2366 Cor.
1405 2332 1436 2375 3,
1467 2332 1509 2365 16

371 2417 387 2450 1
417 2416 543 2457 sentia,
570 2427 613 2449 m.
641 2418 660 2448 1
688 2414 734 2458 (.?)
761 2426 851 2450 corr.
880 2415 1062 2449 sententia
1088 2415 1127 2448 F
1219 2413 1468 2448 resurrectoris
1489 2414 1524 2447 A
1598 2414 1618 2447 2
1646 2412 1703 2446 dei
1729 2423 1795 2446 om.
1818 2412 1851 2446 R

320 2486 386 2509 sec.
412 2486 505 2509 sacr.
535 2475 602 2508 litt.
751 2474 843 2508 unde
871 2475 931 2516 (Ν
958 2482 1066 2516 eras.)
1094 2474 1127 2506 A
1266 2472 1380 2506 isdem
1411 2472 1444 2505 T
1586 2472 1663 2516 ipse
1690 2482 1756 2506 om.
1783 2471 1855 2504 PT

323 2536 342 2567 ἴ)
368 2535 477 2578 nunc]
502 2537 599 2575 tunc,
626 2545 670 2567 m.
698 2535 716 2566 1
744 2544 833 2567 corr.
859 2544 951 2567 nunc
977 2533 1016 2566 F
1116 2532 1279 2566 uidemus
1308 2534 1344 2565 et
1368 2533 1403 2565 in
1430 2531 1584 2566 Hieron.
1684 2531 1705 2564 6
1732 2533 1851 2564 autem

322 2622 400 2646 om..
427 2622 453 2645 s.
480 2623 515 2645 u.
542 2622 586 2644 m.
613 2614 632 2644 1
660 2610 745 2646 add.
779 2610 811 2644 T
882 2609 1040 2654 quando]
1067 2587 1196 2654 qudam
1231 2609 1264 2642 V
1348 2608 1390 2643 de
1417 2608 1603 2649 homineb3
1631 2610 1688 2651 (m.
1717 2611 1736 2641 1
1761 2618 1851 2641 corr.

321 2671 515 2712 hominib3)
542 2671 577 2704 in
606 2670 726 2715 anglis
759 2670 791 2703 T
945 2671 963 2703 7
992 2670 1234 2713 proficerimus
1262 2669 1333 2702 ΓΑ
1507 2667 1703 2712 poterimus
1730 2665 1857 2699 P1TV

325 2731 345 2763 9
374 2730 485 2763 eanda
512 2730 546 2763 A
691 2730 900 2774 imaginem]
931 2729 1140 2762 aecclesiam
1167 2728 1203 2763 R
1334 2727 1376 2762 10
1404 2738 1423 2761 a
1450 2727 1578 2771 spiritu
1606 2725 1740 2760 domini
1767 2724 1856 2759 P1V

326 2791 368 2823 13
397 2807 410 2821 »κ
433 2789 586 2823 hominis
613 2789 650 2834 (d
677 2789 785 2833 eras.)
811 2788 860 2822 Ρ1
936 2789 979 2822 15
1006 2788 1250 2833 proficerimus
1278 2786 1348 2820 FA
1422 2786 1466 2819 22
1494 2786 1603 2830 quod]
1631 2785 1709 2829 quis
1736 2785 1771 2818 A
