1844 3122
0 977 76 1008 ,10

45 1332 77 1358 15

44 1687 79 1712 20

600 194 951 238 epistularum
992 193 1129 229 CXXX.
1573 199 1623 239 41

99 323 200 364 tatis
225 325 322 364 tuae
351 335 474 375 quam
502 322 725 375 persistere
750 322 791 362 in
819 322 1077 364 orationibus
1099 326 1220 364 nocte
1243 336 1289 364 ac
1311 324 1376 365 die
1398 324 1627 366 secundum

100 394 283 447 apostoli
316 393 673 435 admonitionem?
706 393 778 434 ille
812 393 966 447 quippe
1001 394 1078 435 ait:
1125 393 1264 445 Quae
1297 398 1471 436 autem
1506 408 1628 437 uere

101 464 264 506 uidua
302 467 383 506 est
422 467 473 505 et
511 464 772 514 desolata,
812 465 1058 518 sperauit
1095 465 1144 506 in
1184 465 1394 507 domino
1435 469 1484 508 et
1522 479 1628 520 per-

102 535 259 576 sistit-
291 535 337 576 in
373 535 717 577 orationibus
752 538 909 577 nocte
944 548 1000 576 ac
1033 535 1128 577 die.
1163 535 1272 577 unde
1304 536 1454 577 mirum
1496 537 1630 578 uideri

99 609 254 659 potest.
282 619 377 647 cum
410 606 467 648 sis
501 605 731 648 secundum
765 606 844 647 hoc
877 606 1092 647 saeculum
1125 606 1292 655 nobilis,
1321 606 1439 649 diues
1472 610 1630 650 tantae·

100 689 181 730 que
221 677 402 718 familiae
440 680 574 718 mater
612 679 654 718 et
685 676 779 718 ideo
817 677 919 719 licet
956 677 1085 718 uidua
1122 690 1203 719 non
1242 679 1380 718 tamen
1427 677 1628 727 desolata,

101 760 181 800 quo
208 747 332 789 modo
359 747 628 801 occupauerit
652 759 723 789 cor
747 749 867 788 tuum
900 747 1208 801 praecipueque
1240 747 1322 789 sibi
1355 747 1632 790 uindicauerit

101 818 242 859 orandi
277 831 387 870 cura,
415 818 496 860 nisi
530 818 627 872 quia
659 818 887 872 prudenter
911 818 1137 874 intellegis,
1165 818 1275 871 quod
1302 818 1342 859 in
1370 819 1449 861 hoc
1475 819 1629 861 mundo

102 893 144 931 et
175 890 214 931 in
249 890 325 930 hac
358 891 446 931 nita
480 890 594 931 nulla
627 891 765 931 anima
797 889 934 942 possit
966 902 1059 931 esse
1093 903 1250 931 secura.

161 961 339 1002 Proinde
386 961 457 1014 qui
502 961 579 1002 tibi
625 973 715 1002 eam
761 960 1060 1015 cogitationem
1107 961 1236 1010 dedit,
1284 961 1472 1014 profecto
1516 961 1631 1011 facit,

102 1032 212 1086 quod
245 1032 465 1085 discipulis
499 1031 587 1073 suis
621 1044 700 1073 non
733 1044 806 1085 pro
840 1045 884 1073 se
917 1031 1022 1084 ipsis
1057 1031 1129 1073 sed
1163 1044 1236 1085 pro
1265 1032 1446 1074 humano
1482 1045 1631 1086 genere

103 1104 436 1157 contristatisset
468 1103 789 1156 desperantibus
823 1115 1077 1156 quemquam
1111 1115 1235 1156 posse
1270 1103 1439 1153 saluari,
1467 1106 1631 1157 postea-

103 1188 226 1228 quam
248 1174 298 1215 ab
320 1174 392 1216 illo
414 1174 636 1216 audierunt
656 1174 887 1216 facilius
910 1187 1001 1216 esse
1024 1175 1283 1216 camelum
1311 1175 1520 1216 intrare
1541 1187 1633 1228 per

102 1247 340 1287 foramen
374 1258 500 1287 acus
541 1258 694 1299 quam
735 1245 962 1287 diuitem
1003 1245 1051 1286 in
1090 1258 1307 1300 regnum
1343 1228 1630 1288 caelorun'i.

103 1317 279 1359 mirifica
315 1319 359 1359 et
394 1316 791 1358 misericordissima
827 1316 1134 1369 pollicitatione
1172 1316 1387 1370 respondit
1425 1316 1500 1359 deo
1540 1329 1631 1358 esse

103 1388 237 1439 facile,
272 1388 384 1442 quod
415 1387 657 1430 hominibus
689 1387 939 1440 inpossibile
973 1390 1049 1429 est.
1085 1387 1152 1428 cui
1185 1400 1282 1441 ergo
1317 1388 1439 1429 facile
1473 1389 1551 1435 est,
1584 1390 1633 1429 ut

104 1459 229 1500 etiam
269 1459 387 1501 diues
425 1459 553 1500 intret
590 1459 630 1499 in
670 1471 843 1512 regnum
884 1458 1108 1508 caelorum,
1147 1458 1372 1511 inspirauit
1408 1458 1486 1499 tibi
1520 1458 1630 1512 piam

103 1530 445 1580 sollicitudinem,
473 1530 523 1571 de
550 1543 632 1583 qua
657 1543 723 1570 me
756 1529 1059 1571 consulendum
1090 1529 1265 1582 putasti,
1293 1542 1472 1582 quonam
1505 1529 1629 1570 modo

104 1601 181 1642 tibi
215 1603 327 1642 esset
359 1601 574 1642 orandum.
637 1601 708 1642 ille
741 1613 920 1653 namque
954 1613 1049 1642 cum
1083 1599 1210 1641 etiam
1242 1600 1310 1642 hic
1343 1600 1479 1642 adhuc
1517 1603 1631 1642 esset

104 1673 144 1714 in
184 1685 316 1722 carne,
354 1673 396 1714 in
441 1685 615 1727 regnum
661 1672 871 1713 caelorum
911 1671 1168 1712 Zacchaeum
1214 1670 1388 1712 diuitem
1427 1671 1546 1712 misit
1589 1674 1631 1713 et

105 1743 408 1785 resurrectione
466 1745 590 1796 atque
648 1743 890 1784 ascensione
947 1742 1209 1797 glorificatus
1265 1742 1423 1784 multos
1485 1745 1631 1796 postea

223 1884 243 1917 2
270 1883 286 1917 Ι
313 1882 401 1917 Tim.
429 1884 461 1922 5,
488 1884 508 1917 5
586 1883 625 1916 11
655 1882 786 1918 Mattli.
816 1882 871 1925 19,
892 1882 1048 1923 24—26;
1079 1882 1163 1916 Luc.
1188 1883 1243 1924 18,
1270 1881 1332 1922 25;
1360 1882 1404 1915 2?
1483 1883 1524 1915 19
1547 1881 1630 1915 Luc.

108 1943 162 1981 19.
187 1942 304 1976 2-10

156 2026 170 2059 1
200 2025 236 2059 in
264 2025 425 2059 oratione
451 2023 655 2059 MFAGP2
681 2024 778 2066 edcl.;
805 2025 851 2067 cf.
873 2035 911 2067 p.
943 2026 1003 2062 47,
1031 2025 1098 2066 15,-
1124 2026 1173 2058 18
1313 2023 1370 2058 die
1399 2034 1438 2058 ac
1466 2027 1570 2057 nocte
1602 2022 1631 2056 O

105 2086 125 2119 2
148 2076 382 2129 apostolicam
403 2084 698 2118 ammonitionem
720 2083 754 2117 L
775 2083 931 2128 apostoli
952 2083 1188 2118 monitionem
1215 2083 1245 2118 O
1310 2085 1330 2117 3
1358 2082 1528 2128 sperauit,
1550 2094 1593 2118 m.
1615 2085 1632 2115 1

104 2153 196 2179 corr.
223 2142 383 2188 sperabit
409 2142 448 2177 F
470 2143 642 2188 sperauit,
663 2154 709 2176 m.
731 2145 755 2176 3
776 2142 937 2187 sperabit
955 2141 1002 2176 P¹
1024 2142 1184 2187 sperabit
1204 2142 1274 2176 IM
1348 2141 1520 2185 persistit,
1542 2153 1585 2174 m.
1610 2144 1633 2173 3

106 2202 276 2247 persistet
294 2201 342 2236 Ρ1
370 2202 542 2247 persistet
556 2201 594 2235 F
639 2203 661 2236 4
680 2202 715 2235 in
736 2202 898 2235 oratione
919 2200 1154 2235 ῘῘΜΓΑΟΡ2
1173 2201 1274 2243 edd.;
1294 2201 1339 2243 cf.
1358 2212 1395 2244 p.
1420 2203 1481 2242 47,
1502 2202 1564 2235 15.-
1586 2203 1631 2234 18

154 2261 247 2295 unde
272 2261 438 2295 nimirum
465 2261 492 2295 I
561 2262 582 2295 5
609 2271 687 2294 cum
715 2261 778 2305 sis]
807 2261 835 2294 si
862 2260 912 2294 Ρ2
984 2260 1084 2294 diues
1110 2271 1177 2294 om.
1207 2259 1436 2293 HPKP¹1V
1457 2260 1514 2303 (m.
1544 2262 1568 2292 2
1592 2259 1631 2293 in

106 2331 217 2365 ’παι-9.
251 2320 353 2362 add.)
385 2323 420 2354 et
453 2319 552 2354 diues
589 2319 634 2361 O;
672 2319 718 2363 cs.
746 2330 784 2364 p.
821 2321 882 2356 47.
919 2321 941 2353 4
1110 2322 1236 2353 tantae
1270 2330 1360 2363 quae
1392 2320 1427 2362 (a
1465 2320 1558 2362 exp.)
1599 2317 1636 2351 1³

109 2379 127 2412 7
155 2378 401 2413 uendicauerit
429 2379 460 2413 Ο
531 2383 551 2412 ὅ
579 2377 690 2421 oradi,
717 2390 761 2412 m.
789 2380 814 2412 2
839 2377 962 2412 orandi
982 2377 1025 2411 K
1091 2378 1133 2412 10
1160 2377 1246 2411 fecit
1266 2377 1299 2411 L
1370 2377 1408 2411 11
1439 2388 1475 2410 se
1502 2377 1579 2421 ipso
1601 2377 1633 2411 L

110 2438 152 2472 12
179 2437 444 2483 disperantibus
476 2437 505 2472 O
625 2448 838 2482 quemquam
865 2437 902 2481 (a
927 2448 969 2471 ex
994 2440 1102 2478 corr.)
1129 2437 1156 2471 I
1178 2436 1361 2481 quemqui,
1389 2447 1431 2471 m.
1459 2438 1485 2469 2
1510 2446 1632 2479 quem-

106 2507 213 2541 quam
243 2497 272 2531 C
366 2500 556 2542 postquam
582 2498 611 2529 0
679 2497 720 2530 13
746 2507 809 2541 per
835 2495 994 2530 foramen
1021 2507 1106 2530 acus
1132 2496 1265 2529 intrare
1286 2495 1327 2528 K
1423 2506 1485 2539 per
1510 2506 1575 2529 om.
1599 2495 1630 2527 A

112 2557 154 2590 14
179 2567 288 2600 regno
314 2556 464 2590 MACL
516 2557 558 2590 16
584 2560 624 2590 ut
650 2566 730 2599 om.,
756 2567 800 2589 m.
828 2558 846 2589 1
873 2555 960 2588 add.
981 2554 1008 2588 I
1054 2553 1233 2589 17'intret
1259 2565 1339 2596 om,
1367 2566 1409 2587 m.
1437 2557 1454 2587 1
1482 2553 1567 2586 add.
1590 2553 1635 2586 M

113 2616 154 2649 18
186 2615 453 2657 consulandum,
485 2625 576 2649 corr.
609 2617 666 2658 (m.
695 2618 713 2648 1
739 2614 773 2658 1²)
806 2614 1062 2658 consulendum
1090 2614 1112 2648 1
1258 2625 1411 2658 quonam
1446 2613 1484 2646 in
1511 2624 1583 2646 ras.
1616 2613 1633 2645 1

108 2678 192 2719 quo,
216 2686 244 2708 8.
271 2687 307 2708 u.
334 2686 374 2709 m.
404 2678 422 2708 1
449 2674 536 2708 add.
564 2679 609 2709 na
634 2674 682 2708 M
706 2685 774 2719 quo
806 2673 836 2707 Ο
912 2675 953 2708 19
981 2677 1077 2707 esset
1102 2673 1170 2707 tibi
1189 2673 1316 2716 flrm
1440 2671 1573 2706 orando
1602 2671 1632 2704 1.

158 2745 235 2768 cum
262 2738 357 2768 esset
394 2734 523 2768 aetiam
550 2733 608 2768 hic
634 2733 748 2767 adhuc
775 2732 838 2767 sed
865 2733 899 2766 in
920 2743 1024 2766 carne
1045 2731 1095 2766 Ρ2
1191 2730 1307 2766 adhuc
1328 2731 1385 2764 hic
1408 2729 1634 2764 lll’Klssss'

107 2793 155 2826 20
181 2793 399 2827 Zaccliaeum
426 2792 574 2827 diuitem
603 2793 638 2826 in
666 2803 813 2837 regnum
842 2791 1019 2826 caelorum
1047 2790 1126 2826 edd.
