1952 3118
38 332 88 376 21

50 976 94 1018 32
123 988 154 1014 10

8 2774 24 2798 ⁷:
6 2707 22 2740 »ε
0 2598 20 2680 aa
0 2415 15 2558 ³221>-
0 2298 3 2347 ··“

658 201 1006 247 epistularum
1046 199 1218 236 CXLVII.
1619 199 1703 240 295

238 333 363 375 Aliud
399 335 463 374 est
497 332 604 373 enim
638 331 795 380 uidere,
828 330 942 372 aliud
970 333 1036 372 est
1060 332 1196 372 totum
1224 331 1407 373 uidendo
1438 332 1704 386 comprehen-

180 405 289 453 dere,
335 404 498 457 quando
544 403 711 456 quidem
756 402 797 443 id
842 401 1025 452 uidetur,
1071 402 1183 456 quod
1226 416 1424 457 praesens
1474 407 1705 458 utcumque

180 475 374 524 sentitur,
427 477 566 516 totum
617 476 757 515 autem
815 473 1184 527 comprehenditur
1233 474 1428 523 uidendo,
1485 474 1598 527 quod
1647 475 1705 516 ita

179 545 359 594 uidetur,
393 547 441 586 ut
472 545 577 586 nihil
611 544 702 586 eius
734 544 864 585 lateat
890 543 1120 594 uidentem,
1153 546 1227 586 aut
1253 545 1374 586 cuius
1400 544 1503 587 fines
1530 545 1706 587 circum·

181 616 286 670 spici
323 620 515 669 possunt,
555 616 669 657 sicut
700 617 741 656 te
773 614 878 656 nihil
916 615 1020 656 latet
1057 615 1288 668 praesentis
1327 616 1561 658 uoluntatis
1593 619 1705 667 tuae,

179 687 499 741 circumspicere
533 689 673 727 autem
706 687 828 739 potes
861 685 955 726 finis
989 686 1103 727 anuli
1135 686 1212 729 tui.
1247 686 1424 740 exempli
1457 687 1590 741 gratia
1623 687 1705 729 duo

179 759 315 812 posui,
356 771 532 811 quorum
573 758 750 799 alterum
791 756 841 798 ad
878 758 1032 798 mentis
1066 757 1277 807 obtutum,
1311 758 1489 799 alterum
1530 759 1581 800 ad
1619 771 1706 800 cor-

180 830 343 883 porales
371 829 517 870 oculos
538 828 741 882 pertinet3
768 827 891 868 uisus
913 827 1037 878 enim,
1065 828 1177 868 sicut
1202 827 1275 869 isse
1302 828 1373 878 ait,
1403 828 1453 870 ad
1479 832 1706 883 utrumque

179 899 419 942 referendus
453 902 531 949 est,
559 899 601 940 id
634 900 700 940 est
731 901 773 940 et
804 898 855 939 ad
889 898 1033 940 oculos
1068 900 1110 940 et
1141 898 1193 940 ad
1224 901 1421 941 mentem.

239 972 365 1013 Porro
387 971 422 1012 si
443 973 664 1025 propterea
690 969 834 1011 deum
864 982 1003 1011 nemo
1030 969 1164 1011 uidit
1189 983 1434 1024 umquam,
1457 972 1568 1024 quia.
1597 971 1709 1013 sicut

181 1043 238 1084 ait
263 1042 515 1096 disputator,
550 1041 670 1082 cuius
698 1041 826 1082 uerba
852 1040 1181 1090 consideramus,
1214 1041 1531 1094 ‘plenitudinem
1559 1042 1707 1084 diuini-

179 1113 279 1155 tatis
307 1113 397 1154 eius
424 1125 545 1154 nemo
573 1112 801 1165 conspexit,
822 1124 942 1153 nemo
963 1115 1102 1153 mente
1124 1115 1197 1153 aut
1217 1112 1351 1155 oculis
1372 1113 1709 1167 comprehendit:

181 1185 339 1226 ‘uidit’
382 1183 490 1225 enim
531 1183 582 1224 ad
615 1186 842 1236 utrumque
880 1182 1143 1224 referendum
1183 1186 1275 1233 est’,
1314 1186 1447 1226 restat
1484 1185 1707 1238 inquirere,

182 1268 262 1310 quo
282 1256 407 1298 modo
429 1255 567 1309 angeli
588 1254 711 1296 deum
733 1254 918 1305 uideant,
945 1256 1115 1307 propter
1132 1254 1252 1306 illud,
1281 1255 1392 1309 quod
1413 1269 1460 1297 ex
1486 1256 1707 1311 euangelio

183 1327 528 1369 commemoraui:
586 1325 769 1380 Angeli
825 1338 990 1367 eorum
1050 1338 1244 1379 semper
1299 1326 1474 1369 uident
1530 1327 1707 1369 faciem

183 1399 339 1454 patris
372 1398 478 1439 mei.
530 1398 563 1438 si
597 1397 706 1438 enim
740 1400 781 1438 et
811 1397 915 1451 ipsis
948 1409 1027 1438 non
1061 1397 1188 1439 sicuti
1222 1400 1300 1451 est,
1340 1398 1413 1440 sed
1444 1399 1600 1440 latente
1634 1412 1709 1440 sua

182 1472 329 1510 natura
377 1468 417 1510 in
470 1468 622 1521 specie,
674 1481 756 1520 qua
805 1468 1002 1511 uoluerit.
1059 1471 1245 1523 apparet,
1301 1469 1437 1524 magis
1487 1470 1709 1525 magisque

183 1540 477 1594 requirendum
511 1542 588 1581 est.
623 1551 705 1592 quo
738 1538 862 1580 modo
898 1551 994 1580 eum
1026 1552 1102 1581 nos
1134 1539 1390 1591 uidebimus,
1424 1540 1550 1582 sicuti
1578 1543 1642 1582 est
1669 1544 1710 1582 et

185 1611 295 1653 sicut
332 1609 502 1664 Moyses
541 1610 811 1659 desiderauit,
853 1622 947 1651 cum
986 1612 1161 1663 peteret.
1200 1613 1248 1652 ut
1281 1610 1398 1661 deus,
1437 1611 1509 1664 qui
1540 1611 1581 1652 in
1615 1624 1708 1654 con-

184 1685 330 1736 spectu
364 1681 454 1723 eius
488 1683 588 1730 erat,
624 1680 864 1722 ostenderet
894 1680 957 1721 illi
992 1683 1126 1723 semet
1155 1681 1308 1735 ipsum.
1342 1682 1421 1724 hoc
1454 1682 1562 1724 enim
1589 1683 1710 1725 nobis

185 1765 397 1794 summum
429 1751 663 1806 praemium
692 1751 733 1792 in
766 1752 1069 1793 resurrectione
1101 1753 1375 1806 promittitur,
1410 1753 1522 1807 quod
1553 1755 1709 1796 erimus

186 1825 379 1878 aequales
419 1823 581 1877 angelis
627 1823 707 1874 dei,
753 1836 799 1864 ac
839 1836 910 1877 per
953 1823 1046 1872 hoc,
1093 1824 1128 1865 si
1167 1837 1242 1866 nec
1286 1824 1367 1879 ipsi
1412 1838 1506 1866 eum
1551 1826 1710 1876 uident,

186 1895 311 1936 sicuti
345 1897 422 1944 est,
457 1907 538 1948 quo
573 1894 697 1936 modo
731 1907 805 1936 nos
839 1894 899 1936 ita
930 1894 1063 1936 uisuri
1097 1908 1260 1946 sumus,
1294 1908 1389 1937 cum
1423 1896 1483 1938 eis
1512 1897 1710 1951 aequales

185 1967 225 2007 in
264 1966 565 2008 resurrectione
603 1965 705 2007 facti
744 1965 976 2007 fuerimus?
1010 1966 1084 2008 sed
1122 1966 1233 2017 uide,
1268 1967 1368 2020 quid
1407 1971 1712 2021 consequenter

304 2164 395 2199 8-9
425 2164 468 2198 cf.
495 2175 528 2209 p.
555 2163 635 2206 290,
665 2163 804 2198 17—18
892 2164 1030 2199 11—13
1056 2179 1099 2195 =
1126 2176 1159 2210 p.
1186 2165 1268 2205 290,
1296 2165 1434 2200 16-18
1518 2166 1559 2199 15
1579 2166 1710 2201 Matth.

189 2225 241 2265 18,
271 2223 312 2259 10
389 2223 434 2258 20
462 2223 547 2258 Luc.
572 2222 628 2267 20,
656 2223 716 2259 36;
744 2222 875 2257 Matth.
902 2223 957 2263 22,
984 2223 1045 2260 3ος
1072 2223 1180 2258 Marc.
1210 2223 1264 2264 12,
1291 2224 1336 2258 25

233 2343 254 2377 2
281 2341 316 2377 id
344 2354 411 2377 om.
439 2342 487 2377 M
604 2343 625 2376 4
653 2342 729 2376 eius
756 2353 834 2386 exp.
865 2341 894 2377 O
1020 2342 1134 2377 lateat
1160 2344 1271 2387 (post.
1299 2354 1319 2377 a
1344 2354 1388 2377 m.
1416 2346 1435 2377 1
1461 2343 1528 2380 del.
1555 2344 1647 2387 uid.)
1674 2345 1717 2379 II

189 2402 209 2435 5
234 2401 386 2446 possint,
412 2413 456 2436 m.
486 2403 512 2435 2
536 2400 584 2443 (?)
612 2411 702 2435 corr.
731 2405 883 2446 possunt
914 2400 943 2434 O
1062 2401 1084 2435 6
1111 2401 1334 2447 circumspici
1367 2401 1466 2437 TOL
1592 2406 1713 2448 potest

195 2458 371 2494 TOHFL
445 2460 532 2494 sines
559 2459 714 2494 MFAP
738 2459 816 2494 edd.
897 2463 992 2499 tuae,
1019 2471 1063 2494 m.
1091 2462 1110 2494 1
1134 2470 1225 2495 corr.
1252 2461 1306 2495 tui
1337 2460 1367 2495 O
1422 2461 1443 2495 8
1470 2461 1563 2496 sicut
1590 2463 1626 2496 ct
1652 2462 1712 2496 ille

197 2517 296 2553 TOL
345 2519 366 2553 9
393 2517 581 2553 referenda
602 2518 651 2552 M
721 2520 757 2552 et
776 2522 863 2562 post
884 2522 938 2552 est
958 2529 1025 2552 om.
1051 2517 1157 2553 TOF
1178 2520 1236 2561 (m.
1263 2521 1283 2553 1
1308 2519 1408 2563 add.)
1434 2519 1468 2553 L
1521 2521 1557 2554 11
1590 2519 1710 2565 dispu-

190 2578 298 2622 tator]
326 2577 402 2622 ipse
429 2577 633 2622 disputator
663 2577 696 2611 T
744 2577 786 2611 12
814 2577 936 2611 oculos
960 2576 989 2611 O
1040 2578 1082 2611 15
1111 2579 1402 2612 commemorauit
1422 2579 1464 2612 Η
1486 2579 1517 2623 (t
1542 2581 1649 2621 eras.)
1668 2579 1714 2614 M

193 2635 235 2670 16
260 2637 372 2681 patris
398 2637 460 2681 (tri
488 2636 526 2670 in
554 2638 641 2675 rae.)
669 2636 711 2670 H
845 2636 886 2670 17
914 2635 1029 2680 magis
1056 2646 1124 2670 om.
1156 2635 1223 2671 TO
1372 2638 1559 2683 magisque
1585 2649 1652 2672 om.
1679 2638 1713 2672 L

195 2695 236 2729 18
261 2694 407 2729 uidebin
434 2695 590 2739 (reliqua
617 2695 716 2729 laeso
741 2695 833 2738 sollo
855 2694 1016 2739 perdita)
1047 2694 1077 2729 Ο
1137 2694 1201 2730 ’20
1228 2698 1304 2730 erat
1329 2707 1394 2730 om.
1429 2695 1493 2730 TO
1590 2696 1663 2730 illi*
1683 2700 1712 2739 (fs

194 2756 298 2797 era-st)
324 2754 358 2788 P
383 2754 415 2788 ei
447 2754 545 2789 TOL
645 2765 693 2796 se,
719 2765 764 2788 m.
792 2756 810 2787 1
835 2764 925 2789 corr.
953 2756 1069 2788 semet
1094 2753 1127 2788 L
1218 2755 1264 2788 24
1290 2755 1520 2798 surrectione,
1548 2767 1591 2789 m.
1620 2759 1638 2790 1
1665 2755 1713 2799 (3,

195 2821 284 2849 corr.
310 2813 568 2847 resurrectione
597 2813 637 2846 H
731 2813 819 2847 facti
844 2823 911 2847 oni.
943 2812 974 2846 T
980 2812 1043 2847 OL
