1952 3118
7 490 58 532 31

66 678 69 682 .
79 654 96 681 5

66 1009 97 1034 10

68 1364 100 1391 15

601 222 952 266 epistularum
991 220 1163 257 CXLVII.
1559 225 1644 266 305

120 358 169 396 ut
198 353 380 401 timeret,
414 364 462 393 ne
491 351 702 393 amitteret
732 349 993 401 morientem,
1026 362 1149 403 quem
1178 350 1311 392 filium
1339 351 1407 393 dei
1438 353 1541 405 uiui,
1567 353 1646 396 hoc

121 430 186 468 est
216 424 328 466 uitae
358 423 517 464 fontem
550 421 686 462 fuerat
717 420 842 474 paulo
876 423 971 462 ante
1005 421 1240 462 confessus.

180 494 338 536 Deinde
377 496 517 547 potest
553 504 737 540 mouere,
776 503 857 545 quo
898 491 1020 532 modo
1059 491 1142 532 iam
1178 493 1272 546 ipsa
1310 493 1375 535 dei
1409 495 1647 537 substantia

120 566 253 608 uideri
282 564 467 618 potuerit
492 576 516 604 a
542 562 792 616 quibusdam
823 561 865 602 in
899 562 975 603 hac
1009 562 1097 603 uita
1128 563 1293 615 positis,
1326 567 1495 618 propter
1525 566 1647 617 illud,

121 636 232 691 quod
265 635 425 677 dictum
460 638 525 676 est
556 633 607 675 ad
643 633 837 687 Moysen:
875 633 1028 674 Nemo
1069 635 1238 685 potest
1276 633 1454 677 faciem
1491 650 1646 679 meam

122 708 290 749 uidere
329 710 376 749 et
415 707 603 755 uiuere,
643 705 724 746 nisi
763 704 861 757 quia
899 707 1039 757 potest
1077 705 1259 746 humana
1290 719 1406 748 mens
1440 707 1647 751 diuinitus

121 779 209 832 rapi
247 791 293 819 ex
331 778 410 819 hac
447 777 537 818 uita
573 776 625 817 ad
668 775 900 830 angelicam
945 775 1093 826 uitam,
1137 780 1362 830 antequam
1405 791 1479 832 per
1521 779 1648 821 istam

123 861 385 891 communem
418 849 596 888 mortem
629 858 750 887 carne
783 846 986 887 soluatur.
1030 846 1091 888 sic
1130 847 1239 888 enim
1278 851 1424 901 raptus
1458 852 1536 898 est,
1576 852 1648 904 qui

124 920 323 962 audiuit
358 918 447 960 illic
485 916 774 959 ineffabilia
813 916 976 967 uerba,
1011 930 1133 970 quae
1166 931 1258 959 non
1298 918 1422 962 licet
1459 921 1648 963 homini

121 991 272 1045 loqui,
319 990 391 1032 ubi
435 1002 569 1042 usque
613 988 716 1030 adeo
761 988 872 1029 facta
916 990 980 1030 est
1025 989 1075 1030 ab
1121 989 1247 1031 huius
1293 990 1407 1033 uitae
1452 993 1648 1035 sensibus

124 1063 326 1118 quaedam
353 1060 597 1102 intentionis
625 1058 804 1109 auersio,
832 1061 892 1107 ut,
921 1059 1028 1100 siue
1054 1059 1103 1100 in
1133 1072 1336 1113 corpore
1371 1062 1479 1103 siue
1512 1065 1650 1105 extra

124 1146 300 1188 corpus
346 1132 511 1181 fuerit,
556 1131 599 1172 id
643 1133 709 1172 est
751 1134 908 1179 utrum,
953 1130 1065 1172 sicut
1104 1131 1212 1172 solet
1249 1131 1290 1172 in
1335 1132 1649 1176 uehementiore

123 1205 268 1255 extasi,
297 1216 412 1246 mens
439 1203 490 1244 ab
516 1202 594 1243 hac
620 1201 711 1243 uita
729 1201 770 1242 in
791 1202 912 1242 illam
940 1201 1072 1243 uitam
1100 1202 1226 1243 fuerit
1251 1203 1431 1245 alienata
1455 1209 1650 1248 manente

124 1277 307 1330 corporis
345 1275 528 1323 uinculo,
567 1287 616 1315 an
657 1273 823 1315 omnino
861 1274 1064 1315 resolutio
1105 1274 1216 1315 facta
1252 1274 1391 1323 fuerit.¹
1433 1276 1569 1330 qualis
1607 1277 1648 1319 in

123 1349 245 1403 plena
282 1350 415 1389 morte
454 1344 674 1399 contingit,
711 1344 872 1385 nescire
911 1357 955 1385 se
995 1344 1163 1385 diceret.
1200 1344 1260 1386 ita
1291 1345 1351 1395 fit,
1393 1350 1440 1387 ut
1471 1349 1513 1388 et
1543 1348 1650 1389 illud

123 1432 269 1461 uerum
303 1418 372 1467 sit,
405 1417 516 1471 quod
556 1415 716 1457 dictum
756 1418 840 1457 est:
878 1415 1029 1457 Nemo
1069 1418 1240 1469 potest
1277 1417 1457 1458 faciem
1496 1432 1649 1460 meam

125 1490 294 1532 uidere
340 1492 386 1530 θῖ
429 1488 617 1537 uiuere,
662 1487 760 1540 quia
804 1499 975 1528 necesse
1021 1491 1087 1528 θεῖ
1125 1487 1311 1529 abstrahi
1348 1489 1399 1530 ab
1439 1489 1516 1531 hac
1560 1490 1650 1532 uita

123 1564 318 1610 mentem,
352 1559 514 1613 quando
541 1559 582 1600 in
609 1559 725 1599 illius
752 1557 1087 1599 ineffabilitatem
1120 1559 1298 1600 uisionis
1331 1560 1583 1611 adsumitur,
1610 1565 1655 1603 et

123 1645 200 1674 non
240 1632 297 1673 sit
334 1630 575 1673 incredibile
615 1629 868 1683 quibusdam
907 1629 1065 1671 sanctis
1104 1630 1289 1671 nondum
1329 1631 1388 1672 ita
1427 1631 1651 1682 defunctis,

124 1706 171 1745 ut
201 1702 441 1756 sepelienda
477 1701 681 1743 cadauera
717 1702 991 1749 remanerent,
1031 1700 1156 1741 etiam
1197 1700 1323 1742 istam
1361 1702 1650 1745 excellentiam

124 1773 393 1815 reuelationis
426 1772 559 1813 fuisse
592 1783 849 1813 concessam.
889 1771 1000 1824 quod
1039 1771 1232 1814 existimo
1273 1773 1483 1826 cogitasse
1514 1774 1653 1825 illum,

126 1845 195 1898 qui
233 1844 369 1886 noluit
406 1843 542 1884 dicere
586 1843 674 1883 ‘nec
719 1842 900 1894 apostoli
943 1841 1157 1884 Christum
1203 1843 1430 1895 uidebant’,
1477 1845 1550 1886 sed
1595 1846 1654 1886 ait

126 1920 213 1957 ‘nec
251 1914 432 1970 apostoli
477 1926 619 1956 omnes
663 1912 877 1955 Christum
922 1913 1137 1955 uidebant‘
1181 1914 1353 1955 credens
1400 1915 1652 1968 quibusdam

127 2000 265 2029 eorum
301 1986 537 2027 diuinitatis
569 1997 735 2038 quoque
767 1984 901 2036 ipsius
936 1984 1156 2033 uisionem,
1191 1985 1240 2026 de
1273 1998 1354 2038 qua
1387 1986 1651 2040 loquebatur,

244 2173 264 2206 5
291 2172 352 2206 Ex.
379 2172 435 2212 33,
463 2170 509 2206 20
584 2171 604 2204 8
631 2170 666 2204 ΙΙ
693 2170 772 2205 Cor.
803 2170 856 2209 12,
884 2170 977 2204 2—4

175 2289 191 2322 1
220 2289 274 2333 ut]
303 2292 343 2323 ut
362 2304 394 2322 a·
414 2288 508 2332 (suit
527 2290 585 2329 ne)
606 2287 649 2321 H
717 2287 939 2321 ammitteret
964 2287 1042 2330 (alt.
1065 2299 1098 2321 m
1119 2290 1213 2332 exp.)
1231 2287 1271 2321 F
1322 2289 1343 2322 5
1369 2299 1447 2323 neni
1476 2292 1599 2334 potes„
1623 2290 1656 2323 T

129 2348 149 2381 6
175 2350 294 2391 potest
320 2350 369 2389 (st
394 2358 438 2380 m.
466 2349 503 2382 2}
537 2346 566 2381 O
687 2346 708 2379 8
734 2345 906 2385 soluator,
933 2357 976 2379 m.
1005 2349 1030 2379 2
1055 2346 1216 2381 soluatur
1240 2348 1275 2381 A
1410 2348 1473 2393 sic]
1501 2348 1595 2382 sicut
1620 2349 1655 2382 P

175 2407 254 2451 qui·
281 2407 374 2450 (fuit
400 2409 433 2448 a)
464 2405 495 2439 T
579 2407 599 2439 9
627 2405 702 2438 illic
728 2404 868 2438 audiuit
895 2404 929 2438 L
1026 2405 1116 2450 illic]
1144 2406 1205 2440 ille
1232 2406 1281 2440 M
1364 2407 1406 2441 10
1432 2407 1531 2452 loqui
1557 2408 1583 2450 (i
1610 2419 1654 2442 ει·

130 2475 218 2499 corr.
243 2477 286 2500 m.
314 2469 351 2508 1,·
367 2466 496 2509 fuitne
522 2476 539 2499 e
567 2463 599 2506 ?)
626 2464 669 2498 ΙΙ
763 2463 862 2503 adea,
889 2475 935 2498 m.
962 2467 980 2497 1
1006 2475 1097 2499 corr.
1124 2465 1212 2499 adeo
1238 2465 1283 2499 H
1353 2466 1393 2500 11
1422 2468 1581 2501 muers—io
1608 2466 1657 2500 M

176 2528 216 2559 ut
246 2525 322 2559 siue
355 2525 431 2558 siue
464 2527 544 2564 (om.
578 2524 613 2557 in
649 2526 808 2567 corpore)
835 2523 882 2556 M
1003 2523 1046 2557 12
1078 2523 1205 2565 fuerat,
1238 2536 1283 2559 m.
1310 2528 1329 2558 1
1355 2536 1446 2560 corr.
1478 2526 1587 2560 fuerit
1612 2525 1654 2559 H

176 2583 432 2618 uehementiori
459 2584 493 2616 A
518 2582 597 2617 edd.
722 2581 764 2616 13
791 2592 889 2615 mens
917 2586 955 2615 ut
981 2582 1024 2616 ab
1051 2582 1087 2616 P
1229 2583 1263 2617 in
1280 2583 1409 2618 »illam
1437 2584 1530 2627 (suit
1556 2587 1591 2626 u)
1617 2583 1657 2618 F

176 2642 287 2677 uitam
312 2653 378 2676 om.
405 2642 445 2676 F
561 2641 685 2685 fuerit]
714 2640 789 2674 fieri
816 2639 849 2673 L
982 2640 1140 2676 alienata
1165 2643 1348 2686 manente!
1377 2642 1495 2676 aliena
1519 2647 1592 2676 tam
1619 2643 1654 2676 P

134 2700 175 2734 14
199 2700 295 2736 facta
319 2701 383 2742 bis,
411 2702 565 2735 alterum
591 2700 659 2734 del.
685 2699 727 2734 H
839 2700 880 2734 15
907 2700 1062 2744 contigit
1079 2700 1194 2735 ‘TOL
1307 2703 1348 2735 16
1375 2701 1496 2736 uidere
1524 2701 1650 2735 faciem

131 2770 243 2794 meam
267 2760 315 2794 Μ
386 2761 427 2795 17
454 2761 526 2795 ui·-
544 2761 546 2805 ζ
565 2770 647 2794 uere
674 2759 733 2803 (de
759 2762 866 2800 erae.)
893 2759 929 2793 P
993 2760 1039 2793 22
1066 2760 1183 2795 uoluit
1214 2761 1246 2795 T
1270 2766 1328 2802 (m.
1357 2765 1375 2795 1
1403 2772 1494 2795 corr.
1521 2761 1653 2801 noluit)

137 2816 201 2852 ΟΛ
301 2818 589 2853 sed—uidebant
614 2829 694 2862 om.,
721 2818 762 2852 in
787 2819 856 2862 inf.
883 2829 996 2864 mary.
1023 2831 1066 2853 m.
1095 2823 1114 2853 1
1143 2820 1230 2855 add.
1256 2820 1296 2854 F

168 2901 334 2927 xxxxnu
355 2902 430 2934 Aug.
451 2906 522 2928 sect.
540 2903 570 2927 11
590 2909 658 2933 pars
678 2903 702 2927 3.
1559 2891 1606 2925 20
