1952 3118
672 218 1020 263 epistularum
1062 218 1216 253 CLXVI.
1616 221 1700 261 575

169 347 438 400 spondeatur.
484 347 555 400 qui
592 348 690 400 post
728 346 1003 401 grauissimos
1050 347 1262 388 eruciatus
1307 347 1397 389 sine
1442 350 1701 390 sacramento

170 418 432 460 Christianae
477 417 692 459 societatis
738 417 936 470 expirant,
987 430 1093 471 quae
1144 422 1253 459 eirea
1299 431 1369 459 eos
1415 418 1702 472 compensatio

170 489 393 543 cogitanda
438 491 514 538 est,
566 489 720 542 quibus
764 488 935 541 insuper
979 490 1021 530 et
1065 488 1276 530 damnatio
1324 492 1567 543 praeparata
1611 491 1702 531 est?

170 573 265 601 nam
298 562 340 601 et
373 560 422 601 de
455 560 666 613 baptismo
705 560 979 613 paruulorum
1013 560 1055 600 in
1089 560 1235 601 eodem
1273 560 1380 601 libro
1420 573 1499 602 non
1534 561 1702 613 quidem

171 631 442 681 sufficienter,
482 631 554 672 sed
594 633 797 684 quantum
836 631 897 672 illi
938 631 1054 684 operi
1092 631 1196 672 satis
1237 644 1330 672 esse
1363 631 1600 679 uidebatur,
1640 633 1705 672 ut-

172 715 353 755 eumque
398 701 607 755 respondi,
660 701 771 755 quod
822 702 948 743 etiam
995 702 1282 743 nescientibus
1328 705 1370 743 et
1412 701 1536 743 fidem
1583 715 1703 744 suam

172 773 356 815 nondum
389 773 643 814 habentibus
675 772 861 827 prodest.
895 786 974 814 non
1008 776 1148 814 tamen
1177 773 1227 813 de
1261 773 1527 815 damnatione
1561 787 1704 815 eorum

171 844 461 897 paruulorum.
499 844 570 898 qui
603 844 691 886 sine
723 843 797 885 illo
831 857 878 884 ex
910 844 987 885 hae
1021 844 1112 885 uita
1150 844 1372 899 emigrant,
1411 847 1512 886 tune
1546 844 1705 898 aliquid

173 915 394 956 dicendum
428 915 592 969 putaui,
627 915 725 968 quia
756 927 851 965 non,
884 915 996 968 quod
1028 927 1138 956 nunc
1172 915 1324 970 agitur,
1358 915 1574 970 agebatur.

233 985 315 1028 Sed
348 990 396 1027 ut
429 987 677 1028 omittamus
710 988 752 1027 et
783 988 1102 1027 contemnamus
1137 999 1197 1037 ea,
1232 999 1337 1040 quae
1370 986 1486 1028 breui
1519 990 1707 1041 tempore

171 1057 390 1112 patiuntur
421 1071 495 1099 nec
528 1059 739 1099 transacta
770 1059 1034 1107 reuocantur,
1069 1057 1275 1111 numquid
1303 1058 1500 1099 similiter
1525 1060 1708 1099 contem-

173 1141 268 1170 nere
308 1141 549 1182 possumus,
596 1128 707 1182 quod
753 1141 837 1181 per
880 1141 1027 1169 unum
1074 1128 1318 1170 hominem
1363 1141 1493 1170 mors
1540 1131 1587 1170 et
1625 1141 1709 1183 per

173 1213 320 1241 unum
365 1199 616 1241 hominem
661 1199 969 1241 resurreetio
1014 1201 1357 1241 mortuorum?
1403 1199 1537 1241 sieut
1582 1199 1707 1241 enim

173 1270 219 1312 in
259 1270 412 1312 Adam
459 1282 624 1311 omnes
671 1270 967 1320 moriuntur,
1014 1270 1086 1312 sie
1124 1273 1172 1312 et
1209 1271 1255 1312 in
1297 1270 1500 1313 Christo
1542 1283 1708 1312 omnes

174 1342 424 1383 uiuifieab
437 1344 595 1383 untur.
629 1354 702 1396 per
734 1341 838 1382 hanc
873 1341 982 1383 enim
1016 1342 1294 1395 apostolicam
1323 1342 1509 1383 diuinam
1537 1342 1709 1383 claram-

175 1425 256 1466 que
289 1412 541 1454 senteutiam
576 1413 679 1454 satis
714 1412 931 1454 euidenter
964 1413 1103 1454 elucet
1134 1413 1345 1454 neminem
1378 1413 1436 1454 ire
1462 1413 1501 1454 in
1531 1415 1708 1454 mortem

177 1484 258 1525 nisi
285 1497 357 1537 per
382 1484 528 1535 Adam,
562 1484 769 1525 neminem
797 1484 838 1525 in
866 1484 998 1525 uitam
1033 1487 1242 1525 aeternam
1271 1485 1351 1526 nisi
1378 1497 1451 1537 per
1478 1483 1707 1526 Christum.

300 1613 341 1646 12
368 1612 384 1645 Ι
411 1611 491 1646 Cor.
522 1612 575 1651 15,
603 1612 744 1646 21-‘2‘2

228 1695 241 1728 1
274 1694 357 1739 quid
387 1694 424 1735 (d
449 1706 494 1728 m.
523 1697 548 1727 2
573 1694 655 1738 del.)
681 1695 716 1728 B
790 1695 1002 1739 grauissimo
1030 1695 1207 1728 eruciatus
1234 1697 1264 1737 (s
1291 1706 1336 1730 m.
1365 1696 1390 1728 2
1415 1694 1497 1735 del.)
1523 1693 1557 1727 B
1633 1705 1710 1728 cru-

178 1754 292 1788 ciatos
319 1754 362 1787 H
385 1756 542 1796 ornatus,
569 1765 612 1787 m.
640 1756 659 1787 1
685 1764 775 1788 corr.
804 1753 982 1787 cruciatus
1009 1752 1058 1787 Ρι
1131 1753 1152 1786 2
1179 1753 1367 1787 christiani
1394 1753 1437 1786 H
1507 1753 1710 1792 societates,

176 1824 221 1849 m.
249 1816 267 1846 1
294 1824 385 1847 corr.
413 1813 599 1847 societatis
626 1813 660 1846 P
684 1813 859 1847 societate
886 1812 929 1846 H
1097 1812 1257 1857 expirant
1289 1814 1344 1855 (nt
1369 1824 1414 1846 m.
1442 1815 1467 1846 2
1491 1813 1532 1846 in
1556 1814 1645 1854 ras.)
1672 1810 1716 1845 K

179 1873 431 1917 expirauerunt
456 1872 492 1905 P
512 1872 703 1917 *expirauit
732 1872 872 1916 (fuitne
897 1884 917 1905 a
938 1872 971 1915 ?)
1000 1871 1051 1905 P³
1099 1873 1119 1904 :3
1147 1871 1574 1916 cogitanda—damnatio
1600 1881 1668 1907 om.
1689 1871 1715 1904 Ῑ

227 1934 263 1965 et
288 1931 438 1975 insuper
463 1931 499 1964 B
607 1931 856 1976 praeparanda
880 1931 915 1964 B
942 1933 1164 1975 praeparate,
1191 1942 1237 1967 m.
1266 1934 1283 1964 1
1309 1941 1401 1965 corr.
1428 1935 1643 1976 praeparata
1668 1931 1715 1964 M

226 1997 264 2025 e*
286 1992 426 2035 (fuitne
453 2002 470 2024 e
498 1990 529 2034 9)
558 1991 587 2024 S
668 1991 690 2024 4
718 1990 760 2025 de
787 2001 855 2027 om.
883 1989 931 2024 Ρι
1025 2001 1077 2033 eo,
1104 2001 1148 2024 m.
1176 1993 1195 2024 1
1221 2001 1312 2025 corr.
1342 1990 1466 2024 eodem
1493 1989 1545 2024 P³
1570 1989 1711 2024 effidem

180 2050 321 2094 (fuitne
347 2049 369 2084 d
396 2049 429 2091 ?)
458 2049 499 2082 N
592 2049 737 2095 quidem
764 2060 830 2084 om.
861 2049 895 2084 G
969 2051 989 2081 ἴ)
1018 2048 1080 2083 sed
1106 2051 1249 2083 tantum
1277 2049 1371 2094 quod
1399 2049 1452 2083 illi
1482 2049 1514 2084 G
1614 2049 1711 2095 operi

179 2120 247 2142 om.
273 2109 341 2143 HI
364 2109 477 2153 operi*
499 2108 540 2143 K
564 2109 681 2153 operis
708 2111 739 2150 (s
765 2119 810 2142 m.
838 2110 862 2142 2
889 2108 973 2151 del.)
1008 2108 1042 2140 V
1136 2108 1302 2142 uideatur
1322 2109 1346 2142 I
1418 2110 1439 2142 6
1465 2107 1653 2153 respondi„
1673 2108 1715 2141 K

180 2169 199 2201 7
227 2167 395 2212 prodeest
419 2168 500 2211 (alt.
529 2179 546 2201 e
574 2167 658 2209 del.)
686 2168 721 2201 B
841 2168 862 2201 8
888 2168 963 2211 illo,
991 2179 1035 2201 m.
1064 2170 1081 2201 1
1107 2178 1198 2201 corr.
1226 2167 1298 2201 ullo
1327 2168 1361 2201 P
1384 2168 1458 2202 ullo
1486 2167 1526 2201 H
1647 2170 1709 2203 εἰ.

179 2238 222 2261 m.
251 2230 269 2260 1
295 2238 385 2260 corr.
414 2227 574 2260 examine
602 2238 641 2260 ex
667 2226 703 2260 P
810 2226 907 2260 uitae
932 2226 1093 2270 migrant
1118 2226 1167 2260 Ρι
1193 2227 1268 2260 uite
1295 2228 1353 2269 (m.
1382 2229 1407 2260 2
1432 2228 1522 2262 uita)
1551 2227 1710 2271 migrant

179 2286 226 2321 M
252 2287 329 2320 uita
355 2287 534 2330 *migrant
567 2289 600 2327 (e
633 2292 741 2327 eras.)
775 2285 818 2319 N
845 2286 1097 2329 uita.migrant
1129 2289 1252 2330 (super
1285 2297 1353 2321 a‚m
1386 2290 1419 2320 et
1447 2290 1528 2330 post
1554 2289 1593 2320 nt
1619 2298 1647 2320 s.
1674 2297 1708 2321 u.

180 2355 270 2386 ras.)
300 2344 340 2378 K
363 2346 541 2390 emigrant
567 2347 651 2385 (om.
678 2345 768 2388 uita)
795 2345 822 2378 I
932 2346 952 2379 9
980 2346 1051 2390 qui.
1079 2356 1124 2379 m.
1153 2348 1177 2378 :2
1203 2345 1253 2389 (?)
1280 2356 1371 2379 corr.
1399 2346 1482 2390 quia
1510 2346 1543 2379 B
1641 2357 1708 2378 non

180 2404 248 2438 hoc
274 2404 370 2449 quod
400 2403 433 2438 G
518 2404 640 2448 agitur
666 2415 758 2438 nunc
783 2403 819 2438 R
845 2404 966 2449 agitur
993 2407 1074 2444 (om.
1102 2406 1208 2445 nunc)
1238 2404 1279 2438 N
1355 2404 1513 2449 agebant
1546 2404 1578 2436 V
1600 2406 1657 2447 (m.
1687 2407 1711 2438 :2

182 2463 370 2507 agebatur»
391 2463 421 2497 G
438 2466 524 2497 tunc
545 2463 720 2506 agebatur
735 2463 771 2498 R
822 2464 865 2497 10
885 2464 939 2507 ut}
964 2466 1002 2496 ut
1023 2463 1090 2497 hoc
1105 2463 1154 2497 Ρ3
1227 2467 1506 2499 contemnemus.
1525 2475 1569 2496 m.
1588 2466 1604 2496 1
1618 2474 1707 2497 corr.

181 2524 450 2556 contemnamus
477 2521 510 2555 V
531 2521 820 2566 condemnamuS‚
846 2534 888 2556 m.
916 2526 941 2556 2
968 2526 1238 2556 contemnamus
1259 2522 1287 2556 S
1338 2523 1374 2556 11
1401 2526 1599 2563 reu-icatur,
1620 2534 1662 2556 m.
1686 2526 1710 2556 2

181 2584 395 2615 reuocantur
421 2581 464 2615 K
549 2582 589 2616 13
616 2581 796 2615 hominem
823 2592 889 2615 om.
917 2582 953 2617 R
1040 2582 1082 2615 14
1110 2593 1232 2615 omnes
1254 2586 1339 2625 post
1365 2582 1508 2616 Christo
1536 2581 1603 2617 del.
1630 2582 1707 2615 uid.

180 2639 232 2675 Ρ3
313 2642 353 2674 15
381 2641 610 2674 uiuificantur
635 2641 733 2674 BPI
858 2641 951 2674 enim
980 2651 1046 2676 om.
1074 2641 1109 2676 R
1229 2640 1388 2674 diuinam
1416 2641 1651 2685 apostolicam
1675 2640 1708 2675 G

184 2701 226 2734 16
254 2699 594 2734 neminem—Adam
622 2711 689 2734 om.
711 2701 744 2743 Ι,
764 2700 868 2743 infra
890 2704 976 2744 post
1003 2700 1184 2734 Christum
1212 2699 1319 2734 h‘ahet
1341 2700 1371 2734 C
1454 2701 1631 2734 neminem
1659 2701 1708 2734 ire

184 2759 291 2794 (inem
312 2759 343 2792 ir
362 2769 406 2793 ex
426 2769 515 2793 corr.
536 2770 581 2794 m.
604 2761 640 2800 2)
661 2759 703 2793 K
753 2760 793 2793 17
815 2760 990 2793 neminem
1014 2759 1069 2808 ire!
1091 2759 1126 2793 in
1151 2758 1233 2793 HK
1256 2760 1363 2800 (inem
1386 2759 1395 2792 i
1418 2769 1460 2792 επ
1485 2769 1576 2793 corr.
1605 2770 1647 2792 m.
1669 2762 1706 2795 2)

188 2817 386 2852 VSNIRG
403 2817 481 2852 edd.
556 2817 726 2852 christum
750 2820 786 2851 et
805 2818 982 2852 neminem
1004 2818 1054 2851 ire
1072 2818 1107 2851 in
1128 2822 1276 2851 mortem
1296 2818 1363 2851 nisi
1384 2827 1447 2862 per
1466 2816 1569 2851 adam
1591 2817 1657 2851 hoe
1681 2819 1711 2852 C
