1924 3122
152 959 186 984 10

150 1317 184 1343 15

147 1669 182 1695 80

580 187 598 207 e
614 173 660 218 pi
677 173 784 208 stul
800 184 819 207 a
834 184 850 206 r
864 184 885 207 u
900 184 934 207 m
974 172 1168 209 CXXXIII.
1198 171 1388 207 CXXXIV.
1691 176 1746 215 85

216 303 321 346 mihi
354 302 525 355 credita,
559 303 680 344 cuius
720 302 980 343 utilitatibus
1019 301 1172 351 seruio,
1207 302 1273 343 cui
1312 314 1392 344 non
1433 305 1520 344 tam
1553 315 1747 357 praeesse

215 388 343 428 quam
374 374 573 428 prodesse
606 372 810 415 desidero.
843 365 992 414 deinde
1026 372 1214 422 obsecro,
1248 375 1308 422 ut,
1343 373 1455 426 quod
1488 386 1638 415 moneo
1677 374 1747 415 uel

214 458 331 501 rogo,
364 458 444 487 non
478 444 715 500 dedigneris
748 444 951 498 accipere,
985 456 1066 485 non
1100 444 1308 486 cuncteris
1340 444 1623 498 adquiescere.

276 516 647 559 Circumcelliones
679 515 882 569 quosdam
909 517 952 556 et
978 514 1152 557 clericos
1180 514 1424 557 Donatistas
1459 529 1558 557 cura
1590 529 1746 567 eorum,

216 588 286 642 qui
314 587 560 641 disciplinae
586 586 781 642 publicae
807 586 1058 636 inseruiunt,
1078 587 1311 639 praemissa
1332 587 1494 629 notoria
1515 587 1566 629 ad
1592 587 1748 630 iudicia

211 660 413 714 legesque
457 659 663 712 perduxit.
709 658 751 699 hi
797 670 893 700 cum
938 657 1184 699 audirentur
1221 670 1243 699 a
1289 658 1378 700 uiro
1425 658 1659 700 clarissimo
1706 662 1747 700 et

213 730 437 783 spectabili
468 730 636 771 tribuno
676 732 718 771 et
755 728 916 770 notario
955 729 1081 770 fratre
1118 731 1206 777 tuo,
1240 727 1326 770 filio
1362 741 1453 771 meo
1486 729 1746 782 Marcellino,

211 814 291 843 non
340 801 562 843 tormentis
614 800 867 855 ungularum
917 802 1042 853 atque
1092 799 1356 841 flammarum
1407 800 1480 842 sed
1530 801 1745 855 uirgarum

212 872 414 914 coherciti
445 871 649 913 horrenda
680 871 864 912 facinora
901 870 941 912 in
980 871 1129 913 fratres
1162 873 1204 912 et
1243 871 1592 926 conpresbyteros
1631 884 1746 913 meos

214 956 237 985 a
275 956 319 985 se
368 946 607 997 perpetrata
657 942 841 984 confessi
885 944 998 992 sunt,
1044 941 1156 996 quod
1206 942 1373 984 scilicet
1421 955 1551 983 unum
1603 955 1745 984 eorum

211 1015 432 1066 exceptum
465 1013 629 1055 insidiis
662 1012 978 1062 trucidauerint,
1013 1011 1192 1054 alterum
1220 1025 1241 1053 e
1269 1011 1391 1054 domo
1423 1015 1590 1067 raptum
1625 1014 1746 1055 oculo

212 1086 362 1127 effosso
391 1085 607 1140 digitoque
634 1086 851 1138 amputato
872 1084 1176 1126 truncauerint.
1204 1083 1306 1126 haec
1327 1096 1424 1126 cum
1446 1084 1746 1139 comperissem

208 1156 305 1198 illos
338 1157 469 1198 fuisse
503 1155 718 1199 confessos
750 1155 929 1209 ideoque
955 1155 1128 1197 minime
1162 1154 1397 1197 dubitarem
1427 1156 1505 1197 sub
1532 1155 1623 1197 iura
1647 1159 1745 1198 tuae

210 1228 370 1270 securis
403 1240 495 1270 esse
528 1230 742 1279 uenturos,
773 1227 850 1269 has
884 1227 932 1268 ad
974 1229 1091 1268 tuam
1129 1226 1397 1268 nobilitatem
1434 1227 1598 1268 litteras
1631 1240 1747 1270 acce-

208 1298 353 1350 leraui,
387 1299 541 1353 quibus
574 1298 774 1352 deprecor
806 1300 847 1339 et
884 1311 957 1352 per
995 1297 1326 1340 misericordiam
1361 1297 1519 1340 Christi
1558 1298 1745 1348 obsecro,

208 1370 269 1411 sic
303 1370 352 1412 de
385 1372 459 1412 tua
492 1370 649 1412 maiore
682 1372 808 1423 atque
843 1370 1018 1411 certiore
1050 1369 1257 1411 felicitate
1290 1369 1565 1424 gaudeamus,
1599 1373 1647 1411 ut
1685 1370 1745 1411 eis

206 1441 322 1495 paria
365 1454 446 1483 non
496 1441 794 1492 retribuantur,
842 1453 1095 1495 quamquam
1147 1440 1300 1495 lapidis
1352 1440 1509 1482 ictibus
1561 1440 1742 1496 digitum

206 1513 444 1567 praecidere
477 1513 729 1566 oculumque
768 1512 1005 1555 conuellere
1042 1512 1159 1567 leges
1199 1512 1409 1566 puniendo
1453 1525 1533 1554 non
1565 1513 1745 1566 possint,

208 1583 318 1637 quod
351 1584 424 1625 isti
457 1584 684 1626 saeuiendo
718 1586 959 1638 potuerunt.
991 1583 1100 1625 unde
1135 1596 1308 1625 securus
1342 1596 1437 1624 sum
1470 1583 1520 1625 de
1559 1583 1639 1634 his,
1674 1584 1745 1637 qui

207 1654 285 1696 hoc
325 1667 369 1696 se
407 1654 557 1696 fecisse
596 1655 780 1696 confessi
819 1656 933 1704 sunt,
974 1654 1084 1708 quod
1131 1655 1236 1696 hanc
1281 1654 1619 1697 uicissitudinem
1664 1668 1743 1696 non

205 1725 496 1778 reportabunt;
543 1726 617 1767 sed
661 1739 711 1767 ne
756 1726 825 1767 uel
869 1725 953 1779 ipsi
998 1726 1068 1768 uel
1111 1725 1189 1776 illi,
1237 1738 1415 1779 quorum
1468 1725 1744 1768 homicidium

203 1796 460 1850 patefactum
495 1799 573 1848 est,
606 1809 679 1851 per
709 1800 808 1838 tuae
841 1796 1066 1851 potestatis
1101 1796 1353 1838 seutentiam
1385 1797 1631 1849 multentur,
1663 1797 1740 1839 hoc

251 1935 272 1968 2
288 1934 491 1980 prodesselsi
509 1938 653 1980 (parua
666 1937 756 1979 ras.)
776 1936 809 1970 T
854 1936 876 1970 4
900 1947 984 1970 cura
1004 1946 1083 1971 cum
1102 1946 1178 1970 ras.
1197 1946 1306 1980 super
1326 1947 1346 1970 a
1367 1939 1399 1971 et
1417 1936 1523 1980 infra
1543 1936 1578 1970 P
1597 1948 1657 1971 cur
1670 1936 1741 1971 ΓΑ

205 1994 226 2028 5
252 1994 415 2039 publicae
441 2005 508 2029 om.
535 1997 570 2029 A
644 1995 786 2029 notaria
812 1995 916 2030 codd.
943 1995 998 2038 (in
1016 1994 1053 2030 R
1079 2006 1123 2029 m.
1146 1997 1171 2029 2
1190 2005 1282 2030 corr.
1303 1995 1475 2039 notoria);
1498 1996 1597 2040 cfp.
1622 1997 1678 2039 81,
1702 1999 1740 2029 11

203 2053 225 2087 6
250 2053 436 2098 legesque]
464 2054 557 2099 legis
584 2064 695 2099 usque
721 2055 761 2089 Ε
854 2054 905 2088 hii
937 2054 970 2088 T
1076 2066 1096 2088 a
1123 2054 1200 2088 uiro
1229 2054 1441 2099 clarissimo]
1469 2046 1534 2089 affe
1560 2054 1598 2088 E
1694 2059 1729 2088 et

202 2116 260 2158 (m.
289 2115 314 2147 2
339 2117 394 2155 ex)
422 2113 613 2158 spectabili
641 2114 694 2157 E,·
719 2115 767 2158 cf.
789 2125 827 2158 p.
857 2116 918 2157 83,
946 2116 993 2148 16
1116 2115 1134 2148 7
1164 2116 1201 2148 et
1226 2125 1294 2149 om.
1328 2114 1360 2148 T
1453 2114 1556 2149 fratri
1583 2114 1739 2149 EMFA

250 2183 327 2206 ineo
354 2172 561 2207 marcellino
589 2175 644 2216 (eo
672 2184 706 2207 m
733 2173 946 2218 corrigendo
973 2176 1198 2218 corruptum)
1216 2173 1253 2207 P
1324 2175 1346 2208 9
1373 2173 1559 2218 coherciti]
1589 2173 1739 2207 uerbere

202 2232 348 2266 coerciti
374 2232 412 2267 E
435 2232 583 2267 coertici
610 2231 649 2266 F
672 2232 846 2267 cohertici
866 2232 902 2268 R
1001 2232 1268 2278 conpresbitero
1295 2243 1394 2267 ineos
1421 2235 1450 2276 (s
1469 2233 1551 2276 fere
1576 2235 1683 2266 eras.)
1707 2232 1745 2266 E

204 2290 247 2325 10
274 2302 362 2335 quos
388 2290 518 2326 MPP¹
545 2303 615 2337 quo
641 2291 714 2326 FA
829 2292 865 2326 11
896 2291 1169 2342 trucidauerunt
1194 2291 1464 2336 RP¹Tflrm
1567 2292 1609 2326 1⁶2
1638 2297 1739 2325 trun-

202 2371 385 2408 eauerunt,
430 2379 474 2402 m.
509 2372 528 2402 1
568 2379 658 2404 corr.
698 2346 956 2410 truncauerunt
994 2369 1096 2414 (sicl)
1135 2369 1168 2403 Τ
1203 2371 1463 2403 truncauerunt
1494 2368 1581 2404 RP¹
1614 2369 1737 2412 flrm

203 2426 247 2459 13
273 2426 360 2470 iura,
388 2438 432 2460 m.
462 2429 486 2461 2
512 2438 596 2461 cura
621 2427 658 2462 R
792 2431 855 2462 tua
881 2438 1023 2462 securos
1050 2438 1127 2462 esse
1154 2427 1396 2463 MFAPRP¹
1425 2440 1479 2462 ae
1504 2431 1568 2462 tua
1595 2438 1737 2462 securos

199 2495 270 2519 non
298 2496 374 2520 esse
405 2486 436 2520 T
536 2487 578 2520 14
605 2486 649 2521 ad
675 2489 756 2521 tuas
783 2486 1012 2521 nobilitatem
1039 2487 1140 2530 (sicJ)
1168 2486 1219 2520 1²¹
1318 2485 1521 2521 adcelerare
1550 2486 1670 2520 curaui
1706 2485 1744 2520 E

201 2544 244 2578 15
277 2548 314 2578 et
336 2545 339 2589 l
363 2548 400 2579 et
432 2548 506 2589 (pr.
540 2550 576 2579 et
609 2557 651 2580 m.
687 2549 706 2580 1
740 2550 834 2590 exp.)
868 2545 915 2580 M
1032 2546 1072 2580 17
1106 2545 1250 2591 lapidis,
1283 2557 1327 2581 m.
1363 2549 1381 2579 1
1413 2556 1504 2580 corr.
1543 2545 1664 2589 lipidis
1702 2545 1737 2578 R

202 2603 244 2637 18
270 2603 425 2638 euellere
451 2603 500 2638 fl!
610 2608 763 2650 possunt
788 2605 906 2639 MFA
932 2605 1011 2640 edd.
1031 2609 1184 2650 praeter
1210 2605 1328 2649 lllifm.
1455 2605 1495 2638 19
1524 2608 1738 2648 putuerunt.

199 2672 289 2696 cor-r.
317 2665 513 2707 potuerunt
538 2664 577 2698 E
672 2665 737 2698 sini
766 2664 851 2698 ΜΕ
944 2664 988 2698 iis
1013 2665 1136 2708 flrm
1211 2664 1256 2698 ‘20
1283 2675 1320 2697 se
1345 2674 1413 2698 om.
1442 2663 1516 2697 AT
1599 2663 1645 2696 22
1679 2673 1740 2707 per

198 2722 297 2766 tuae]
327 2725 523 2767 perpetuae
550 2723 586 2758 R
684 2724 867 2758 sententia
884 2723 919 2759 R
1017 2723 1219 2758 mulcentur
1239 2722 1287 2756 M
1309 2726 1366 2762 (m.
1395 2722 1447 2756 1?
1472 2732 1563 2756 corr.
1592 2728 1737 2756 muten-

199 2784 269 2821 tur,
294 2782 388 2824 sicl)
415 2781 487 2816 FP
512 2786 618 2824 (corr.
646 2783 857 2825 multentur)
887 2785 1001 2817 morte
1028 2782 1228 2817 multentur
1254 2782 1293 2815 E
