1952 3118
687 238 1039 283 epistularum
1079 238 1200 275 CXLI.
1629 245 1714 285 243

186 368 330 409 testati
389 371 498 410 sunt.
555 369 707 410 iterum
764 370 1031 423 protulerunt
1087 373 1129 411 et
1184 370 1468 413 recitauerunt
1522 371 1714 414 libellum

185 438 425 492 imperatori
472 439 743 482 Constantino
783 454 806 481 a
845 441 932 482 suis
978 441 1209 482 maioribus
1255 442 1414 493 datum,
1459 442 1532 484 ubi
1576 443 1715 496 questi

187 513 297 559 sunt,
336 510 446 563 quod
486 523 555 552 eos
594 513 850 553 memoratus
889 512 1116 565 imperator
1155 513 1341 566 grauiter
1378 516 1714 566 persequeretur,

185 594 231 622 ac
270 581 332 623 sic
370 581 515 623 eodem
558 582 701 623 libello
747 582 1069 624 manifestarunt
1114 595 1157 624 se
1203 583 1314 636 apud
1358 583 1653 638 imperatorem
1693 598 1716 625 a

142 652 418 694 -Caeciliano
462 653 594 695 fuisse
639 656 858 707 superatos
902 654 1141 707 salsumque
1193 667 1299 707 esse,
1351 655 1463 708 quod
1508 655 1714 705 dixerunt,

183 736 277 764 eum
311 723 361 764 ab
395 724 645 777 imperatore
678 723 934 765 damnatum.
967 724 1091 766 tertio
1125 725 1391 778 protulerunt
1416 725 1579 767 litteras
1607 727 1714 767 eius·

182 795 275 836 dem
310 795 573 837 Constantini
606 795 658 836 ad
689 795 894 837 uicarium
924 795 1124 837 Verinum
1158 796 1291 845 datas,
1319 796 1391 837 ubi
1425 809 1496 838 eos
1531 797 1715 852 grauiter

182 866 413 907 detestatur
447 869 488 907 et
512 869 731 919 propterea
763 866 865 908 dicit
898 866 947 908 de
980 866 1102 908 exilio
1135 866 1379 909 relaxandos
1407 869 1450 909 et
1474 867 1604 909 furori
1637 881 1712 909 suo

181 937 467 979 dimittendos.
497 937 595 990 quia
626 937 709 978 iam
743 938 847 979 deus
880 938 919 978 in
951 938 1050 979 illos
1085 940 1280 990 coeperat
1310 938 1538 988 uindicare,
1572 951 1619 980 ac
1653 939 1712 981 sic

182 1008 307 1049 etiam
340 1008 434 1049 istis
467 1008 730 1062 imperatoris
763 1009 917 1050 litteris
951 1008 1251 1050 confirmarunt
1281 1009 1438 1050 falsum
1472 1022 1516 1051 se
1544 1010 1712 1058 dixisse,

182 1078 293 1132 quod
338 1079 600 1121 Caecilianus
645 1080 696 1120 ab
742 1080 990 1133 imperatore
1036 1079 1257 1122 damnatus
1309 1080 1378 1130 sit,
1425 1093 1518 1122 cum
1570 1081 1713 1135 potius

179 1150 405 1203 imperator
436 1150 553 1203 ipsos
581 1164 603 1191 a
630 1150 866 1193 Caeciliano
901 1151 1038 1192 uictos
1073 1163 1166 1192 esse
1198 1151 1513 1204 monstmuerit,
1548 1153 1712 1205 quando

181 1234 251 1262 eos
278 1221 550 1263 uehementer
575 1225 790 1263 execratus
816 1222 909 1263 ideo
938 1222 1077 1271 iussit,
1102 1224 1150 1263 ut
1170 1222 1219 1263 de
1242 1222 1363 1264 exilio
1386 1222 1712 1273 dimitterentur,

180 1295 227 1334 ut
261 1293 335 1334 deo
368 1293 520 1342 iudice,
555 1294 666 1335 sicut
699 1294 826 1335 etiam
860 1298 1092 1347 coeperant,
1118 1293 1378 1346 punirentur.

238 1364 392 1405 Postea
412 1364 566 1405 Felicis
588 1365 892 1418 Aptungensis,
920 1364 1169 1407 ordinatoris
1191 1365 1431 1415 Caeciliani,
1459 1365 1499 1406 in
1526 1366 1711 1407 medium

180 1449 349 1477 causam
382 1436 589 1478 miserunt
621 1437 807 1478 dicentes
847 1437 1024 1478 eundem
1055 1436 1239 1478 Felicem
1279 1437 1413 1478 fuisse
1452 1437 1710 1486 traditorem,

179 1520 201 1547 a
239 1520 320 1560 quo
367 1508 630 1549 Caecilianus
675 1509 810 1548 fuerat
855 1507 1085 1557 ordinatus,
1126 1510 1168 1548 et
1211 1507 1400 1549 eiusdem
1447 1507 1711 1550 Constantini

178 1578 443 1631 imperatoris
477 1592 548 1632 pro
577 1579 811 1621 Caeciliano
846 1581 988 1620 contra
1021 1591 1065 1620 se
1099 1579 1213 1632 ipsos
1239 1579 1404 1620 litteras
1431 1579 1711 1632 protulerunt.

177 1650 246 1690 ubi
277 1650 328 1691 ad
355 1650 649 1703 proconsulem
677 1650 860 1703 scripsit,
892 1654 939 1691 ut
966 1649 1016 1691 ad
1044 1650 1293 1691 comitatum
1321 1662 1446 1691 suum
1473 1649 1713 1691 mitteretur

177 1721 408 1775 IngentiUS.
443 1721 523 1763 iste
557 1724 697 1763 autem
730 1722 949 1776 Ingentius
984 1720 1200 1762 confessus
1234 1721 1372 1762 fuerat
1396 1720 1437 1761 in
1471 1720 1710 1775 cognitione

177 1790 339 1832 Aeliani
397 1791 660 1844 proconsulis
718 1792 872 1833 falsum
931 1804 975 1833 se
1031 1792 1183 1834 fecisse
1247 1791 1452 1833 aduersus
1509 1791 1709 1841 Felicem,

298 1954 340 1987 1³5
368 1965 422 1999 ep.
449 1954 679 1997 LXXXVIII,
707 1955 727 1987 4
806 1955 848 1988 19
876 1954 918 1989 cf.
947 1965 1001 1999 ep.
1023 1954 1241 1988 LXXXVIII
1262 1965 1293 1998 p.
1314 1953 1396 1997 410,
1423 1954 1565 1988 23—24

229 2069 243 2102 l
273 2069 499 2113 protulerunt
524 2069 653 2103 iterum
679 2069 715 2103 R
805 2070 891 2104 item
918 2069 954 2103 P
1042 2070 1286 2104 recitauerunt
1313 2073 1350 2103 et
1375 2069 1603 2114 protulerunt
1629 2069 1707 2104 edel.

178 2129 199 2161 3
226 2127 310 2162 deos
337 2127 373 2170 (d
401 2139 444 2164 m.
476 2131 490 2160 l
517 2129 609 2172 emp.)
636 2128 675 2162 F
769 2131 997 2171 memoratos,
1026 2140 1068 2163 m.
1096 2131 1115 2162 1
1141 2139 1233 2163 corr.
1260 2132 1480 2163 memoratus
1507 2128 1546 2163 F
1616 2130 1637 2162 4
1665 2129 1707 2170 31,

176 2198 221 2221 m.
248 2190 267 2221 1
293 2198 382 2222 corr.
412 2188 462 2221 sic
490 2187 563 2221 PF
668 2198 705 2221 se
731 2188 1059 2221 manifestauerunt
1085 2187 1122 2222 R
1232 2198 1269 2222 se
1296 2198 1364 2221 om.
1391 2187 1427 2220 P
1534 2199 1555 2221 a
1581 2198 1649 2223 om.
1678 2188 1711 2221 P

178 2248 198 2281 5
225 2246 386 2280 dixerant
414 2247 449 2280 P
472 2246 551 2280 edd.
573 2251 722 2290 praeter
748 2258 771 2280 α
863 2249 883 2280 8
912 2246 969 2281 dii
996 2247 1032 2280 P
1122 2247 1144 2280 9
1171 2246 1257 2280 deus
1285 2257 1351 2280 om.
1379 2245 1428 2280 Ρ1
1539 2253 1707 2291 coeperat

178 2305 213 2339 111
240 2305 322 2339 illos
340 2306 470 2349 slrm
546 2305 719 2339 uindicari
746 2305 864 2339 MFA
893 2317 916 2339 a
990 2305 1031 2348 si,
1061 2318 1103 2340 m.
1131 2309 1150 2339 1
1176 2304 1223 2348 (ἓ)
1252 2316 1342 2340 corr.
1370 2305 1421 2339 sic
1447 2304 1487 2338 F
1554 2306 1596 2339 10
1624 2317 1706 2339 con-

178 2365 410 2399 firmauerunt
435 2364 471 2398 P
495 2368 552 2407 (ue
579 2367 688 2408 eras.)
714 2365 762 2399 M
784 2367 842 2407 (ue
869 2376 911 2398 m.
940 2368 958 2398 1
984 2367 1079 2409 emp.)
1104 2364 1141 2399 R
1167 2364 1246 2399 edd.
1405 2376 1441 2398 se
1469 2364 1598 2398 salsum
1626 2364 1705 2398 edd.

225 2434 262 2457 se
288 2434 354 2458 om.
382 2423 429 2457 M
503 2425 545 2457 12
572 2424 597 2456 1Ἰ,
610 2424 866 2458 monstrauerit
892 2426 1035 2467 (parua
1062 2425 1152 2467 ras.)
1178 2423 1225 2458 P¹
1305 2424 1346 2457 13
1374 2429 1585 2461 exsecratos,
1613 2435 1656 2457 m.
1687 2427 1705 2456 1

178 2492 267 2517 corr.
296 2486 499 2517 exsecratus
528 2486 560 2519 (c
588 2495 631 2517 m.
659 2486 684 2517 2
708 2494 824 2527 supra
852 2494 945 2525 ras.;
968 2483 1043 2526 fuit
1069 2486 1107 2527 g)
1133 2483 1168 2517 P
1251 2486 1290 2517 ut
1315 2493 1383 2518 om.
1411 2482 1484 2517 AR
1576 2481 1705 2515 demit-

178 2543 340 2575 terentur
365 2542 403 2576 F
427 2542 562 2575 dimitti
590 2542 623 2576 A
683 2542 726 2577 14
754 2545 793 2576 ut
820 2542 863 2576 de
890 2541 1006 2576 iudice
1034 2541 1082 2576 Ρι
1168 2542 1239 2577 iam
1267 2544 1347 2583 (om.
1377 2544 1426 2583 et)
1453 2540 1489 2574 P
1513 2543 1549 2574 et
1574 2540 1645 2574 iam
1672 2551 1703 2573 m

226 2604 393 2645 coeperat
424 2601 511 2635 MF
534 2612 588 2635 ae
619 2605 763 2647 mgperat
790 2601 864 2635 AR
987 2602 1029 2636 15
1057 2601 1313 2646 aptugenensis
1340 2600 1375 2634 P
1518 2598 1705 2633 caeciliani

180 2663 308 2703 (postr.
336 2660 358 2693 l.
386 2671 429 2693 m.
453 2662 470 2692 1
489 2660 529 2693 in
556 2671 627 2694 ras.
656 2663 750 2694 1—2
769 2661 806 2705 l.)
825 2660 872 2694 M
943 2671 1084 2694 causam
1106 2661 1140 2693 111
1162 2660 1318 2693 medium
1332 2659 1383 2702 sl
1397 2670 1414 2692 r
1428 2670 1461 2693 m
1515 2659 1555 2691 16
1577 2668 1654 2691 esse
1670 2658 1705 2691 R

182 2717 222 2751 17
249 2718 447 2755 ordinatos.
473 2731 516 2754 m.
546 2722 563 2752 1
588 2729 678 2754 corr.
706 2719 892 2753 ordinatus
919 2719 957 2753 F
1060 2722 1102 2754 19
1130 2719 1337 2764 preconsule
1364 2718 1408 2752 M
1437 2717 1642 2761 peonsulem
1670 2718 1703 2750 A

226 2787 327 2811 suum
355 2788 420 2811 om.
448 2778 483 2811 P
579 2778 740 2812 mitteret
766 2778 847 2813 MA
927 2779 969 2813 21
999 2778 1133 2813 lreliani
1161 2777 1367 2812 MFAP¹R
1394 2776 1474 2812 edd.
1496 2780 1645 2821 praeter
1672 2787 1701 2809 m

180 2836 364 2870 caeciliani
392 2837 426 2870 P
525 2837 640 2881 egisse
669 2837 705 2871 R

1593 2904 1655 2939 16⁸
