1924 3122
78 1557 130 1599 14

131 1003 161 1028 10

631 218 983 263 epistularum
1025 218 1250 254 CXXXVIII.
1626 224 1707 263 139

180 349 220 390 in
247 348 398 390 faciem
425 348 587 403 percuti
619 360 767 389 uerum
801 347 929 389 etiam
962 361 1034 402 pro
1067 348 1132 390 his
1167 362 1347 403 quoque,
1377 363 1400 390 a
1427 350 1580 403 quibus
1608 351 1710 392 haec

181 419 431 472 patiebatur,
465 417 686 460 crucifixus
720 418 868 469 occidi,
895 431 968 472 pro
1004 419 1155 473 quibus
1190 420 1249 461 ait
1279 420 1318 461 in
1353 433 1474 462 cruce
1506 422 1708 474 pendens:

181 490 341 539 Pater,
380 489 585 544 ignosce
624 489 747 538 illis,
787 489 902 542 quia
941 490 1185 542 nesciunt,
1218 491 1336 544 quid
1381 492 1586 533 faciunt.
1633 505 1708 534 nec

182 561 340 603 Paulus
374 561 591 614 apostolus
628 563 899 614 praeceptum
938 560 1096 602 domini
1136 564 1177 603 et
1216 562 1407 616 magistri
1441 563 1506 604 sui
1545 563 1714 605 uidetur

182 632 396 685 implesse.
438 632 509 673 ubi
548 631 675 672 etiam
714 631 804 685 ipse
842 644 1069 684 percussus
1108 632 1149 673 in
1189 632 1340 674 faciem
1387 633 1490 674 dixit
1535 633 1714 687 principi

185 702 469 744 sacerdotum:
509 702 771 745 Percutiet
808 705 855 744 te
895 703 1030 753 deus,
1070 703 1235 756 paries
1276 703 1520 746 dealbate.
1568 704 1712 746 sedes

184 773 408 815 iudicare
449 787 519 815 me
560 774 833 815 secundum
871 774 1030 828 legem
1071 776 1119 815 et
1159 776 1330 816 contra
1368 776 1530 829 legen]
1569 775 1713 817 iubes

184 857 256 885 me
288 845 497 898 percuti.
534 847 576 886 et
608 857 702 886 curn
737 858 760 886 a
792 845 1165 888 circumstantibus
1206 845 1433 887 diceretur:
1476 847 1714 887 Iniuriam

185 916 311 958 facis
346 916 564 970 principi
596 916 927 965 sacerdotum,
961 917 1188 958 inridenter
1214 930 1284 959 eos
1312 918 1451 959 uoluit
1478 918 1714 968 admonere,

188 986 289 1041 quid
321 986 481 1028 dixerit.
516 989 575 1029 ut.
610 987 682 1040 qui
720 990 926 1040 saperent,
966 987 1256 1041 intellegerent
1293 988 1374 1029 iam
1414 988 1717 1029 destruendum

186 1058 320 1099 fuisse
354 1057 537 1099 aduentu
567 1057 724 1099 Christi
757 1059 957 1112 parietem
991 1058 1247 1108 dealbatum,
1275 1058 1355 1101 hoc
1388 1061 1453 1100 est
1479 1059 1717 1113 hypocrisin

188 1128 411 1170 sacerdotii
461 1128 732 1177 Iudaeorum
774 1129 832 1169 ait
871 1129 1045 1183 quippe:
1091 1128 1313 1179 Nesciui,
1359 1129 1556 1179 fratres,
1605 1129 1720 1183 quia

187 1199 423 1253 princeps
457 1202 545 1247 est;
580 1199 825 1252 scriptum
866 1202 942 1241 est
981 1200 1126 1241 enim:
1167 1200 1390 1254 Principi
1429 1200 1603 1254 populi
1642 1200 1717 1241 tui

190 1283 280 1312 non
327 1270 612 1319 maledices,
660 1284 754 1312 cum
799 1271 945 1325 procul
991 1271 1132 1321 dubio,
1173 1271 1244 1324 qui
1289 1271 1330 1312 in
1378 1271 1524 1313 eodem
1562 1272 1718 1325 populo

150 1356 161 1368 ἃ
191 1345 379 1383 creuerat
411 1346 536 1395 atque
568 1342 625 1383 ibi
656 1342 751 1397 lege
782 1342 920 1383 fuerat
947 1342 1151 1388 eruditus,
1178 1343 1301 1384 illuni
1329 1342 1559 1396 principem
1587 1355 1720 1384 sacer·

192 1412 338 1454 dotum
365 1414 524 1455 nescire
552 1426 632 1455 non
660 1416 805 1467 posset
836 1427 911 1455 nec
945 1426 1029 1464 eos,
1064 1414 1218 1467 quibus
1251 1414 1310 1455 ita
1343 1417 1468 1455 notus
1496 1417 1597 1463 erat,
1631 1414 1718 1455 ullo

192 1485 316 1526 modo
350 1485 526 1528 falleret.
562 1485 672 1538 quod
706 1485 897 1526 nesciret.

254 1555 361 1598 Sunt
394 1569 492 1610 ergo
526 1557 608 1597 ista
640 1558 860 1610 praecepta
893 1556 1118 1609 patientiae
1152 1568 1316 1610 semper
1354 1556 1394 1597 in
1438 1555 1574 1598 cordis
1606 1568 1721 1610 prae-

312 1719 332 1753 3
359 1719 443 1753 Luc.
472 1719 528 1761 23,
555 1719 600 1753 34
674 1719 711 1760 63
739 1719 776 1759 8;
807 1719 850 1753 12
876 1719 956 1752 Act.
983 1719 1040 1759 23,
1068 1719 1178 1759 3—5;
1206 1717 1319 1753 Exod.
1347 1719 1404 1762 22,
1430 1718 1475 1753 28

243 1816 257 1849 1
289 1814 440 1859 percuti]
470 1825 543 1859 per,
565 1818 694 1858 postea
721 1814 806 1848 add.
834 1814 907 1848 cuti
933 1813 973 1848 D
1021 1814 1042 1847 ‘2
1071 1814 1231 1858 crucifigi
1257 1814 1308 1858 (gi
1336 1825 1377 1849 m.
1401 1817 1419 1847 1
1442 1814 1481 1847 in
1508 1825 1578 1848 ras.
1601 1814 1720 1858 paulo

192 1874 340 1917 maiore,
367 1874 471 1908 cuius
490 1874 615 1917 prima
642 1873 664 1907 l.
690 1873 763 1916 fuit
788 1884 822 1915 x)
848 1874 884 1908 E
958 1874 978 1907 3
1005 1873 1109 1917 ignos
1136 1873 1229 1913 illos,
1256 1884 1299 1907 m.
1322 1875 1340 1906 1
1366 1883 1456 1908 corr.
1484 1873 1630 1915 ignosce
1649 1872 1721 1906 illis

192 1933 231 1968 E
253 1934 398 1977 ignosce
425 1932 521 1966 illius
548 1936 583 1973 (su
609 1944 653 1966 m.
682 1935 700 1966 1
726 1935 819 1976 exp.)
845 1931 893 1966 M
975 1932 997 1966 4
1025 1935 1061 1966 et
1087 1943 1153 1967 om.
1180 1932 1224 1966 H
1312 1934 1330 1966 5
1359 1931 1450 1966 facie
1476 1931 1722 1974 HRMACP,·

192 1994 238 2036 cf.
264 2004 300 2026 u.
324 1995 341 2026 1
443 1993 463 2025 6
491 1991 656 2026 dominus
683 1991 839 2026 HRMA
851 1991 915 2026 GP
1034 1991 1137 2026 sedes
1164 1994 1223 2035 (m.
1251 1994 1270 2025 1
1296 1990 1316 2025 ,9
1342 2003 1432 2026 corr.
1461 1991 1603 2033 sedens)
1630 1990 1721 2024 iudi-

193 2063 271 2087 care
297 2052 337 2086 H
369 2051 471 2086 sedes
504 2051 618 2085 iudire
650 2054 708 2095 (m.
737 2054 756 2085 1
781 2061 870 2088 corr.
904 2051 1077 2094 iudicare)
1112 2052 1147 2085 A
1180 2050 1307 2086 sedens
1341 2050 1478 2085 iudicas
1505 2051 1551 2085 M
1576 2061 1630 2084 ae
1653 2060 1720 2083 sec.

198 2111 301 2155 Vuly.
343 2110 444 2145 sedes
486 2111 650 2145 iudicans
690 2115 766 2145 cett.
813 2110 892 2145 edd.
936 2111 1016 2153 (Gr.
1059 2109 1154 2156 κάθῃ
1199 2109 1338 2155 κρίνων)
1485 2110 1503 2144 7
1548 2109 1642 2143 iubis
1687 2108 1722 2142 R

191 2169 212 2204 8
239 2180 260 2204 a
285 2180 351 2204 om.
379 2169 415 2203 R
559 2170 580 2204 9
606 2169 759 2214 principi
793 2167 972 2203 sacerdoti
1005 2168 1195 2203 sacerdoti]
1223 2168 1417 2210 (sacerdoti
1444 2179 1487 2202 m.
1517 2170 1542 2202 2
1567 2167 1651 2209 del.)
1678 2167 1726 2200 M

238 2227 447 2269 inridenter,
475 2241 517 2263 m.
546 2231 571 2263 2
596 2227 784 2262 inridendo
810 2228 850 2263 Ε
872 2227 1070 2262 inridentes
1095 2228 1131 2263 R
1205 2239 1407 2262 ammonere
1433 2227 1551 2262 uoluit
1576 2226 1726 2260 HACP

191 2286 270 2322 edd.
299 2299 461 2322 ammone
491 2299 546 2322 <m.
575 2291 594 2322 1
619 2298 709 2322 corr.
737 2289 955 2330 ammonere)
982 2287 1098 2322 uoluit
1122 2287 1171 2321 M
1243 2287 1285 2321 10
1313 2287 1373 2331 qui
1394 2287 1432 2320 D
1508 2286 1661 2319 dixerint
1682 2284 1722 2319 H

239 2348 421 2392 saperient
446 2347 482 2383 R
509 2347 691 2392 sapienter
716 2347 754 2381 D
863 2347 1179 2391 :fff'sintellegerent
1203 2348 1292 2391 (ras.
1320 2348 1415 2380 1-2
1442 2346 1479 2387 l.)
1506 2347 1539 2379 A
1662 2343 1720 2377 ‹le-

193 2407 400 2441 struendum
427 2418 504 2442 esse
534 2406 724 2441 HJIACP
749 2406 880 2449 aesm
906 2406 1127 2441 destructum
1155 2418 1232 2440 esse
1260 2406 1305 2440 lr
1357 2406 1394 2439 ll
1426 2404 1619 2439 aduentum
1642 2402 1724 2437 DII

194 2468 242 2508 (m
269 2465 334 2501 del.
341 2480 350 2507 )
376 2467 423 2500 M
447 2469 494 2510 (rn
521 2470 629 2509 eras.)
776 2465 947 2500 dealbata
979 2467 1014 2509 (u
1049 2477 1092 2500 ex
1117 2476 1207 2501 corr.
1234 2476 1278 2499 m.
1306 2469 1342 2507 1;
1365 2465 1487 2509 fuisse
1515 2463 1589 2498 uid.
1618 2464 1649 2504 e)
1675 2461 1723 2495 M

238 2524 454 2569 hypocrisim
487 2526 605 2569 eflm
706 2525 746 2558 12
779 2523 967 2567 sacerdoti,
1001 2535 1093 2559 corr.
1127 2523 1319 2558 sacerdotii
1353 2524 1393 2558 H
1515 2521 1650 2556 nescibi
1684 2520 1722 2553 1)

240 2584 322 2628 quia
356 2585 520 2629 princeps
557 2587 611 2618 est
645 2595 712 2618 om.
754 2583 862 2618 DER
898 2584 982 2628 quia
1016 2584 1180 2629 princeps
1219 2587 1274 2618 est
1313 2582 1538 2618 sacerdotum
1577 2580 1618 2614 Η
1653 2591 1719 2614 sec.

199 2641 323 2686 Vuly.;
352 2642 415 2676 Gr.
444 2641 622 2688 ἀρχιερεύς
793 2643 835 2676 13
863 2643 1058 2687 principem
1080 2642 1160 2676 DE
1180 2653 1248 2677 sec.
1276 2642 1378 2686 Vuly.
1413 2641 1602 2686 principes,
1630 2651 1674 2673 m.
1703 2641 1721 2672 1

192 2711 283 2736 corr.
309 2701 461 2747 principi
490 2702 520 2735 C
614 2701 669 2736 tui
695 2712 761 2736 om.
788 2701 836 2735 M
915 2702 957 2735 14
983 2712 1054 2735 non
1081 2701 1266 2736 maledicis
1294 2701 1332 2735 D
1357 2711 1400 2734 ne
1428 2698 1621 2733 maledicas
1648 2696 1721 2732 ER

196 2759 237 2793 15
264 2760 424 2794 creberat
450 2760 487 2794 Ι)
582 2760 663 2805 lege
690 2759 740 2795 ibi
764 2760 880 2805 siynis
905 2770 996 2794 corr.
1023 2759 1062 2794 D
1178 2758 1347 2799 eruditas,
1375 2768 1464 2793 corr.
1493 2756 1653 2790 eruditus
1680 2755 1723 2789 ll

197 2819 237 2853 17
264 2819 389 2854 fallere
415 2819 451 2854 R
