1924 3122
110 993 142 1018 10

112 1347 145 1373 15

618 209 973 253 epistularum
1013 209 1241 244 CXXXVIII.
1613 217 1693 257 135

165 351 263 380 uero
308 339 463 392 legitur
506 339 787 392 praecipiente
832 339 1082 381 auctoritate
1128 340 1270 382 diuina
1315 354 1393 383 non
1439 342 1694 384 reddendum

166 410 323 451 malum
356 423 428 464 pro
461 411 585 459 malo,
619 423 714 451 cum
748 411 849 451 haec
881 412 966 451 tam
1001 411 1180 453 salubris
1216 413 1444 455 admonitio
1474 426 1696 470 congrega-

166 481 351 524 tionibus
384 482 635 535 populorum
674 484 888 534 tamquam
926 482 1108 536 publicis
1149 484 1369 536 utriusque
1409 497 1530 526 sexus
1570 488 1696 539 atque

167 553 353 596 omnium
388 556 573 594 aetatum
609 555 650 594 et
683 552 938 607 dignitatum
973 554 1129 596 scholis
1164 554 1212 595 de
1247 555 1460 608 superiore
1488 556 1580 598 loco
1608 570 1696 610 per-

167 627 300 666 sonat.
334 626 556 665 accusatur
593 623 740 677 religio
780 625 993 676 tamquam
1032 624 1203 665 inimica
1240 625 1298 666 rei
1337 626 1545 679 publicae.
1591 640 1696 680 quae

167 695 217 745 si,
256 699 302 736 ut
343 695 514 748 dignum
557 696 634 741 est,
675 694 903 744 audiretur,
942 695 1065 748 longe
1111 696 1264 737 melius
1312 696 1505 747 Romulo,
1544 697 1696 748 Numa,

165 768 296 809 Bruto
330 767 565 819 ceterisque
592 765 676 807 illis
709 766 919 807 Romanae
947 767 1084 821 gentis
1111 767 1335 820 praeclaris
1364 767 1465 809 uiris
1493 769 1697 809 constitu-

168 842 267 880 eret.
297 840 571 887 consecraret,
598 837 782 878 firmaret
808 840 1064 891 augeretque
1090 851 1176 879 rem
1204 838 1432 892 publicam.
1461 838 1561 892 quid
1588 840 1697 880 enim

169 912 232 950 est
265 922 328 951 res
356 909 526 963 publica
552 909 632 950 nisi
659 921 723 950 res
750 909 925 962 populi?
958 922 1023 950 res
1052 922 1149 964 ergo
1179 909 1429 960 communis,
1457 923 1522 951 res
1549 911 1697 963 utique

168 980 368 1022 ciuitatis,
407 980 507 1033 quid
547 982 613 1021 est
650 981 788 1020 autem
830 979 981 1021 ciuitas
1020 980 1099 1021 nisi
1142 980 1359 1021 hominum
1394 981 1623 1022 multitudo
1656 981 1698 1022 in

170 1051 378 1105 quoddam
412 1051 629 1092 uinculum
662 1050 831 1092 redacta
864 1051 1137 1092 concordiae?
1172 1051 1283 1104 apud
1309 1064 1379 1093 eos
1408 1052 1515 1093 enim
1542 1052 1700 1107 legitur

170 1124 248 1164 ita:
299 1122 439 1164 ‘Breui
483 1122 713 1164 multitudo
766 1122 935 1164 diuersa
985 1125 1109 1176 atque
1162 1136 1269 1177 uaga
1326 1124 1547 1164 concordia
1598 1123 1698 1164 ciui-

170 1197 235 1236 tas
284 1194 393 1235 facta
445 1194 562 1235 erat.'
611 1206 716 1247 quae
766 1206 886 1247 porro
937 1195 1160 1247 praecepta
1216 1194 1461 1235 concordiae
1511 1194 1552 1235 in
1610 1195 1698 1235 suis

169 1265 340 1318 templis
367 1278 566 1318 umquam
595 1265 657 1306 illi
684 1265 860 1319 legenda
887 1267 1150 1315 censuerunt,
1172 1266 1337 1319 quando
1359 1265 1528 1319 quidem
1557 1265 1699 1306 miseri

171 1348 366 1388 quaerere
399 1337 668 1390 cogebantur,
696 1349 876 1390 quonam
909 1336 1033 1378 modo
1067 1336 1155 1377 sine
1189 1337 1416 1378 offensione
1449 1337 1699 1389 cuiusquam

174 1419 315 1448 eorum
349 1407 562 1449 discordes
596 1408 704 1449 inter
736 1421 779 1449 se
814 1407 913 1449 deos
947 1421 1046 1449 suos
1081 1408 1216 1449 colere
1250 1411 1436 1461 possent,
1471 1420 1576 1461 quos
1608 1407 1700 1448 imi-

172 1478 250 1519 tari
289 1478 564 1520 discordando
599 1479 633 1520 si
668 1479 836 1529 uellent,
870 1481 992 1532 rupto
1040 1479 1285 1521 concordiae
1330 1479 1500 1520 uinculo
1530 1478 1699 1520 ,ciuitas

294 1643 308 1676 1
339 1643 439 1676 Rom.
472 1643 524 1685 12,
555 1642 615 1678 172
642 1642 658 1676 Ι
685 1642 808 1678 Thess.
837 1644 869 1685 5,
900 1643 960 1683 15;
987 1642 1002 1676 I
1029 1643 1124 1677 Petr.
1153 1643 1185 1680 3,
1213 1644 1233 1677 9
1315 1642 1352 1681 8;
1385 1643 1426 1676 1‘2
1455 1641 1528 1676 Cic.
1557 1640 1599 1675 de
1626 1653 1700 1686 rep.

174 1702 298 1746 fragm.
325 1701 348 1735 l.
377 1701 393 1735 I
420 1702 475 1741 2¹5,
504 1701 564 1741 39;
592 1701 637 1735 40

224 1798 238 1831 1
269 1800 459 1841 praecepto
487 1796 525 1830 D
623 1795 788 1830 reddenti
815 1796 853 1830 Ι)
925 1796 945 1830 3
975 1795 1096 1840 atque]
1125 1794 1169 1829 ad
1196 1795 1230 1829 A
1304 1796 1326 1829 4
1353 1794 1584 1839 dignitatem,
1610 1805 1653 1828 m.
1677 1796 1702 1827 2

174 1854 391 1899 dignitatum
419 1855 466 1889 M
586 1854 759 1899 superiori
779 1856 813 1888 A
887 1856 908 1889 5
936 1856 1122 1888 accusator
1141 1854 1179 1888 D
1206 1856 1401 1894 occasator,
1429 1863 1519 1887 corr.
1548 1855 1608 1894 (m.
1629 1856 1646 1886 1
1668 1853 1701 1895 2²)

175 1918 364 1949 accusatur
390 1915 428 1948 Il
526 1914 670 1948 inimico
698 1914 736 1948 1)
857 1914 877 1947 6
905 1914 935 1947 si
962 1916 1012 1953 ut,
1039 1914 1102 1948 sed
1129 1925 1148 1947 u
1176 1925 1218 1947 ea:
1245 1912 1266 1946 d
1292 1913 1332 1947 E
1355 1913 1445 1946 si*ut
1470 1913 1504 1957 (c
1532 1915 1639 1953 eras.)
1668 1912 1702 1945 P

221 1974 329 2017 longe
357 1974 499 2017 meliusl
528 1974 678 2017 longeq;
706 1984 747 2007 us
775 1973 811 2007 R
950 1973 1088 2007 romulo
1115 1985 1198 2007 num
1228 1972 1355 2007 abruto
1382 1971 1418 2006 R
1451 1971 1588 2005 romulo
1616 1982 1699 2004 num

176 2034 338 2069 abrul¹lto
366 2038 399 2073 (a
427 2034 609 2067 disiuncto
628 2043 672 2066 m.
695 2035 720 2067 2
738 2044 852 2078 supra
874 2032 960 2066 add.
981 2032 1102 2075 bruto)
1121 2032 1168 2066 M
1197 2032 1333 2066 romulo
1361 2042 1503 2065 numam
1530 2030 1635 2064 bruto
1664 2030 1702 2063 1)

175 2094 387 2128 romulorum
422 2093 563 2136 abruto,
598 2104 640 2128 m.
670 2096 695 2126 :2
726 2093 863 2126 romulo
896 2102 1004 2126 numa
1036 2091 1142 2126 bruto
1170 2092 1209 2126 H
1241 2091 1414 2125 romulon'f
1442 2093 1585 2134 (parua
1613 2098 1699 2123 ras.)

179 2163 202 2197 ᾗ*
223 2152 327 2186 bruto
356 2162 390 2193 (a
416 2162 536 2188 eras..
565 2164 607 2186 m.
635 2154 661 2186 2
687 2152 836 2186 romulo*
888 2163 992 2185 numa
1045 2152 1169 2185 *bruto
1197 2151 1231 2184 P
1286 2150 1305 2183 7
1333 2161 1479 2184 romana
1505 2149 1538 2183 A
1614 2159 1701 2193 gen-

176 2215 231 2246 tes
259 2212 445 2257 prnclaros.
474 2224 502 2245 m
545 2214 569 2245 2
597 2212 714 2251 <gentis
741 2211 935 2256 praeclaris
964 2211 1004 2244 II
1028 2210 1170 2253 generis
1197 2209 1388 2255 praeclaris
1416 2209 1489 2243 ER
1599 2207 1700 2250 uiris}

176 2271 266 2304 utris
292 2271 327 2306 R
401 2271 421 2305 8
450 2276 503 2304 est
531 2271 625 2305 enim
650 2271 697 2305 Μ
769 2271 790 2304 9
818 2270 958 2314 utique}
990 2281 1077 2314 unq:
1107 2270 1139 2303 A
1222 2270 1264 2304 10
1293 2268 1399 2313 quod,
1428 2280 1470 2301 m,
1499 2269 1524 2301 2
1551 2265 1636 2311 quid
1663 2265 1703 2299 H

223 2330 419 2364 multitudo
447 2330 631 2364 hominum
659 2331 693 2364 P
723 2330 802 2365 edd.
928 2330 965 2363 11
998 2330 1092 2363 enim
1120 2340 1180 2363 eos
1211 2330 1239 2359 (¹
1383 2328 1435 2362 ita
1461 2326 1596 2371 legitur
1622 2324 1699 2358 edd.

180 2389 221 2422 12
247 2389 365 2423 breuis
394 2390 522 2424 DHJI
546 2401 574 2422 τε
601 2395 707 2431 eras.)
734 2390 842 2424 Ac'l’
866 2401 889 2423 α
1010 2388 1172 2433 dispersa
1199 2399 1231 2422 m
1355 2388 1397 2421 13
1429 2387 1536 2420 sacta*
1580 2400 1582 2404 ,
1613 2387 1701 2426 (ras.

178 2451 271 2484 1—2
297 2449 334 2490 l.)
365 2449 404 2482 II
524 2449 566 2482 15>
594 2459 721 2491 cogere
749 2448 992 2493 querebantur
1016 2447 1089 2482 ER
1222 2446 1388 2491 quoniam
1417 2446 1454 2479 D
1481 2444 1635 2488 quodam
1663 2442 1706 2475 ΙΙ

179 2515 247 2553 quo
275 2511 311 2551 (u
337 2520 380 2543 m.
411 2511 435 2542 ζ)
461 2509 498 2542 in
526 2509 615 2550 ras.)
642 2508 680 2541 J«)
704 2513 760 2551 qm
788 2508 822 2543 R
896 2507 994 2541 cuius
1022 2518 1042 2551 q
1071 2514 1130 2539 s:
1158 2506 1257 2541 cuius
1285 2505 1359 2549 qui)
1390 2506 1419 2538 C
1494 2505 1534 2537 lo
1563 2501 1702 2547 possint

180 2568 253 2603 ER
361 2569 464 2612 quos}
495 2567 588 2612 quod
615 2567 645 2601 si
671 2567 823 2601 MAsP
847 2566 926 2601 edd.
950 2570 1098 2610 praeter
1123 2577 1156 2599 m
1185 2576 1272 2610 quos
1299 2565 1328 2598 si
1354 2575 1387 2597 m
1499 2563 1639 2595 imitare
1668 2559 1702 2593 R

180 2627 368 2661 immutare
396 2627 434 2661 J«
523 2628 564 2661 17
592 2625 830 2660 discordando
857 2626 902 2669 si}
929 2624 1186 2659 discordandos
1214 2623 1360 2657 HACP
1386 2626 1516 2666 (poslr.
1545 2621 1567 2655 I.
1596 2623 1702 2661 eras.)

180 2684 432 2720 discordandes
465 2685 498 2729 ‹Je
532 2697 574 2718 m.
609 2688 634 2719 2
664 2685 704 2718 in
736 2695 832 2726 ras.,·
859 2687 1050 2728 praeterea
1084 2694 1125 2716 m.
1163 2685 1188 2716 2
1219 2681 1306 2715 add.
1340 2693 1359 2715 o
1392 2691 1505 2724 supra
1540 2691 1556 2712 e
1590 2683 1621 2711 e!
1648 2681 1702 2712 tes

178 2754 292 2788 supra
319 2748 378 2783 an)
406 2745 450 2778 Μ
475 2743 713 2778 discordando
739 2755 773 2777 m
800 2742 1047 2777 discordantes
1074 2745 1151 2776 cett.
1180 2741 1258 2775 edd.
1376 2739 1504 2773 uellint
1530 2738 1568 2772 E
1592 2742 1649 2779 (m.
1679 2740 1703 2770 2

180 2802 329 2840 uellent)
356 2803 390 2838 R
488 2806 590 2848 rapto
617 2803 656 2838 D
754 2802 916 2837 ciuitatis
943 2802 977 2835 A
