1952 3118
77 587 104 613 *5

70 940 102 968 ¹0

627 160 979 205 epistularum
1013 159 1172 195 CLVIII.
1577 162 1658 202 491

134 290 327 345 migratio
370 290 469 331 talia
514 290 759 343 percontari.
807 303 899 331 cuin
941 290 981 331 in
1022 302 1191 342 corpore
1231 302 1392 330 sumus.
1439 291 1504 330 est
1542 289 1662 330 nobis

132 374 280 403 sensus
332 361 502 402 interior
551 361 700 401 sollers
751 373 823 414 pro
869 361 1058 414 agilitate
1107 360 1237 401 studii
1283 360 1414 402 nostri
1460 362 1501 401 et
1543 362 1661 401 tanto

131 432 374 487 uigilantior
394 433 435 472 et
453 431 692 481 feruentior,
720 433 875 484 quanto
903 431 1108 472 fuerimus
1137 431 1427 480 studiosiores,
1457 435 1499 472 et
1525 431 1661 472 adime

128 502 425 556 impedimento
471 501 658 555 corporis
703 501 902 543 retardari
954 514 1030 543 nos
1081 501 1251 543 uidetur
1295 514 1387 542 esse
1432 502 1659 555 probabile.

130 573 221 627 quis
261 576 399 614 autem
440 573 591 622 omnia,
634 585 740 626 quae
779 572 944 614 animus
991 586 1036 614 ex
1082 585 1253 626 corpore
1294 574 1463 626 patitur.
1509 573 1662 627 poterit

127 646 342 685 enarrare?
375 644 482 685 inter
514 643 588 684 has
622 643 768 684 turbas
802 644 844 683 et
876 643 1096 684 molestias
1130 656 1175 684 ex
1211 643 1572 697 suggestionibus.
1614 657 1659 685 ex

125 714 488 768 temptationibus.
546 727 593 755 ex
643 714 971 755 necessitatibus
1024 714 1288 768 diuersisque
1346 714 1659 755 calamitatibus

126 786 341 827 uenientes
395 784 683 826 fortitudinem
736 797 854 826 suam
906 797 985 825 non
1037 785 1194 826 deserit
1249 784 1427 834 animus.
1484 785 1658 827 resistit.

126 856 270 898 uincit.
299 856 522 909 aliquando
550 856 747 897 uincitur.
776 859 930 906 tamen,
958 857 1156 909 quoniam
1183 855 1375 897 meminit
1403 856 1482 905 sui,
1512 855 1661 910 agilior

128 929 168 968 et
213 927 434 968 sollicitior
485 926 666 968 efficitur
716 927 922 968 excitatus
973 927 1101 968 tantis
1153 926 1367 968 laboribus
1414 928 1455 967 et
1499 926 1659 979 rumpit

127 1010 315 1052 quosque
360 998 490 1039 nodos
534 997 720 1039 malitiae
766 1000 806 1039 et
851 997 1004 1039 transit
1041 998 1091 1039 ad
1130 997 1315 1039 meliora.
1362 997 1462 1051 quid
1508 997 1658 1040 dicam.

127 1069 322 1124 dignatur
354 1069 600 1123 intellegere
629 1069 830 1110 sanctitas
858 1071 942 1110 tua.
974 1081 1073 1123 ergo
1101 1081 1197 1110 cum
1223 1069 1263 1109 in
1292 1068 1369 1109 hac
1395 1068 1484 1110 uita
1511 1081 1658 1110 sumus

127 1142 169 1182 et
211 1140 367 1182 talibus
413 1140 676 1194 egestatibus
722 1140 978 1193 impedimur
1015 1143 1057 1181 et
1094 1143 1249 1182 tamen.
1298 1140 1409 1181 sicut
1454 1139 1657 1193 scriptum

68 1246 71 1248 .
128 1214 203 1258 est,
239 1211 651 1265 superuincimus
691 1224 778 1265 per
816 1224 935 1253 eum.
979 1211 1060 1264 qui
1102 1210 1283 1252 dilexit
1323 1223 1423 1259 nos,
1459 1213 1657 1252 exeuntes

69 1291 102 1322 15

68 1999 101 2032 25

127 1282 176 1324 de
214 1295 382 1335 corpore
422 1286 463 1323 et
502 1295 606 1324 onus
653 1295 775 1324 omne
815 1287 855 1324 et
894 1282 1001 1337 agile
1048 1285 1269 1335 peccatum
1316 1282 1540 1323 euadentes
1587 1281 1658 1334 qui

129 1356 303 1395 sumus?
1503 1388 1505 1391 .

185 1425 237 1466 Et
274 1424 454 1478 primum
496 1437 661 1477 quaero.
708 1428 847 1466 utrum
888 1424 1059 1477 aliquod
1099 1437 1251 1478 corpus
1297 1425 1366 1469 sit,
1414 1424 1524 1477 quod
1569 1435 1654 1463 rem

124 1496 423 1550 incorpoream,
463 1495 542 1537 hoc
576 1498 639 1537 est
671 1496 805 1549 ipsius
841 1497 1002 1537 animae
1043 1495 1324 1537 substantiam
1364 1508 1442 1536 non
1477 1495 1654 1536 deserat.

126 1580 217 1608 cum
265 1567 472 1607 dimiserit
517 1567 594 1608 hoc
640 1570 849 1608 terrenum
896 1580 1061 1621 corpus.
1115 1580 1165 1608 ne
1210 1567 1316 1608 forte
1362 1566 1411 1607 de
1458 1567 1656 1619 quattuor

125 1651 250 1679 unum
286 1638 342 1679 sit
374 1641 446 1679 aut
479 1637 636 1679 aerium
672 1642 744 1679 aut
777 1638 1023 1679 aetherium.
1058 1634 1153 1679 cuni
1187 1638 1297 1678 enim
1331 1638 1572 1690 incorporea
1600 1638 1654 1678 sit

125 1708 272 1757 anima,
314 1709 347 1749 si
388 1709 502 1750 omni
542 1722 712 1763 corpore
753 1712 879 1751 caret..
924 1710 1005 1750 iarn
1046 1722 1125 1750 una
1165 1711 1230 1751 est
1269 1709 1469 1750 omnium.
1512 1711 1553 1749 et
1584 1707 1653 1748 ubi

125 1780 201 1820 erit
238 1779 308 1820 ille
348 1779 466 1820 diues
506 1783 760 1833 purpuratus
801 1784 842 1821 et
874 1780 1054 1822 Lazarus
1093 1781 1370 1822 uulneratus?
1410 1792 1490 1833 quo
1530 1779 1654 1820 inodo

124 1850 247 1892 etiam
297 1851 459 1891 meritis
511 1851 810 1893 discernentur.
867 1855 915 1892 ut
965 1852 1035 1893 ille
1086 1865 1277 1904 poenam,
1328 1852 1399 1892 ille
1452 1851 1652 1905 gaudium

123 1921 285 1964 habeat.
326 1922 359 1962 si
400 1934 481 1962 una
519 1935 565 1962 ex
605 1922 797 1963 omnibus
837 1922 1093 1975 incorporeis
1140 1922 1379 1976 apparuerit
1423 1922 1573 1963 anima.
1621 1921 1654 1961 si

125 1995 260 2033 tamen
300 1992 475 2046 figurate
514 1993 586 2034 illa
625 1993 861 2047 significata
900 2007 978 2034 non
1019 1996 1145 2034 sunt?
1185 1996 1345 2034 certum
1393 1995 1458 2034 est
1501 1995 1655 2034 autem.

126 2063 233 2116 quia,
273 2064 308 2104 si
342 2064 445 2105 locis
484 2066 691 2106 tenentur.
734 2064 978 2117 corporibus
1018 2067 1225 2106 tenentur.
1266 2067 1313 2105 ut
1351 2064 1422 2104 ille
1462 2064 1580 2104 diues
1615 2064 1653 2103 in

125 2134 288 2175 flamma
323 2141 363 2175 et
396 2135 466 2175 ille
499 2135 539 2175 in
575 2136 669 2176 sinu
704 2136 907 2176 Abrahae.
943 2135 978 2176 si
1011 2136 1102 2177 loca
1135 2139 1245 2186 sunt,
1280 2148 1452 2188 corpora
1485 2138 1581 2175 suut
1616 2139 1657 2175 et

126 2205 164 2246 in
209 2206 452 2259 corporibus
498 2206 659 2247 animae
706 2209 803 2247 sunt
854 2207 1137 2260 incorporeae:
1190 2209 1261 2247 aut
1306 2206 1342 2247 si
1386 2218 1542 2259 poenae
1588 2205 1653 2245 uel

248 2380 287 2413 14
318 2380 415 2413 Rom.
444 2385 476 2414 S.
504 2380 547 2414 :37
625 2380 664 2413 21
697 2380 779 2413 Luc.
815 2380 867 2422 16,
897 2380 1034 2414 lsi—22

177 2463 191 2496 1
221 2463 309 2496 talia
336 2474 402 2497 om.
439 2462 472 2496 L*
566 2463 790 2508 percunctari
825 2462 897 2496 VU
919 2463 998 2497 edd.
1074 2466 1094 2495 ἴ)
1122 2474 1268 2508 corpor-,¹
1296 2466 1369 2497 (cor
1393 2474 1420 2497 s.
1448 2474 1483 2497 u.
1507 2474 1548 2497 m.
1574 2465 1601 2494 1ι
1626 2462 1658 2495 1’

127 2521 148 2554 8
176 2520 323 2555 desierit
349 2522 384 2555 P
483 2523 523 2555 12
551 2534 671 2556 sumus
698 2522 832 2556 talibus
871 2522 939 2556 VU
962 2522 1040 2558 edd.
1150 2524 1191 2556 ΙΝ
1219 2534 1423 2567 corpoream
1453 2521 1554 2556 codd.
1584 2521 1656 2554 Isi·

127 2580 172 2615 ‘20
199 2583 261 2614 aut
287 2592 428 2615 aereum
456 2585 516 2615 aut
545 2581 750 2615 aethereum
788 2581 856 2615 VU
880 2582 952 2615 [εν
1049 2582 1092 2615 22
1122 2581 1302 2616 eleazarus
1331 2582 1365 2614 Ι)
1476 2581 1654 2614 ule-cratus

127 2639 166 2672 in
192 2650 302 2683 mara.
330 2650 348 2672 r
438 2640 482 2674 24
509 2641 537 2674 si
567 2641 651 2684 una}
682 2651 819 2674 sumnia
857 2639 924 2674 VU
946 2641 999 2681 (in
1025 2651 1136 2684 mara¹
1165 2641 1193 2674 si
1222 2651 1305 2673 una·
1335 2641 1408 2673 lsr
1500 2641 1544 2672 ’.Ἢ
1572 2639 1654 2682 quia

128 2696 169 2741 si]
198 2708 286 2742 quac
308 2698 390 2742 ‚Vl'
412 2699 491 2733 edd.
603 2700 646 2733 ‘27
675 2699 748 2744 illc]
778 2710 912 2744 pauper
938 2699 997 2732 ille
1026 2710 1055 2732 m
1182 2700 1225 2733 ‘2⁵'
1253 2700 1483 2743 incorporeae
1511 2699 1587 2742 aut]
1618 2698 1652 2731 in

129 2767 271 2802 corpore
298 2762 416 2792 autem
453 2758 522 2791 VI'
545 2758 623 2792 cdd.
