1952 3118
307 208 390 248 350
779 203 813 239 S.
852 203 1034 238 Aureli
1073 203 1363 247 Augustini

365 333 473 385 Quia
500 345 598 387 ergo
625 334 740 381 111110,
770 332 881 373 sicut
901 331 1064 385 scripsi,
1092 345 1173 373 non
1194 334 1411 385 potueram
1439 333 1643 386 inspicere
1671 334 1835 376 codices

306 404 488 447 Graecos
521 405 690 457 propter
722 403 927 456 quaedam
959 403 1114 456 psalmi
1147 403 1251 444 sexti
1286 403 1451 454 (10011111,
1483 404 1643 457 inspexi
1675 407 1835 458 postea,

306 488 409 529 quos
442 475 594 516 inueni.
630 477 669 515 et
702 486 809 515 unus
837 474 1030 523 habebat,
1061 474 1172 527 quod
1200 477 1241 515 et
1268 474 1405 515 Latini
1431 476 1582 517 nostri:
1617 475 1835 520 Domine.

304 547 515 600 perdens
546 545 601 586 de
628 547 761 586 terra
788 545 1057 598 dispertire
1092 558 1192 593 eos:
1229 545 1350 596 alius⁷
1380 546 1607 600 sicutipse
1633 547 1835 600 posuisti:

302 620 338 659 A
370 617 544 671 paucis
579 617 633 658 de
667 619 810 658 terra.
853 618 894 657 et
925 616 1031 657 illud
1064 616 1234 669 quidem
1267 619 1458 670 apertum
1491 617 1618 659 habet
1651 631 1835 668 sensum,

303 689 513 743 perdens
560 688 616 729 de
660 690 805 737 terra,
854 700 979 741 quam
1026 688 1084 729 eis
1131 688 1298 737 dedisti,
1352 688 1624 741 dispertire
1670 702 1751 730 eos
1796 690 1836 730 in

305 760 516 815 gentibus,
551 759 662 812 quod
696 761 737 800 et
769 759 929 799 factum
963 762 1028 799 est
1061 758 1135 808 eis,
1176 771 1268 799 cum
1306 759 1424 812 graui
1461 759 1572 800 bello
1613 760 1838 814 expugnati

304 833 428 884 atque
463 830 655 871 subuersi
690 832 798 871 sunt.
832 829 939 870 illud
973 832 1114 870 autem
1148 830 1327 871 alterum
1361 843 1442 883 quo
1476 830 1600 872 modo
1635 830 1839 883 accipien-

304 902 402 943 dum
431 902 499 950 sit,
532 914 612 942 non
640 902 745 942 mihi
779 901 970 953 occurrit,
1003 901 1084 942 nisi
1119 901 1217 954 quia
1242 901 1282 942 in
1311 902 1619 955 comparatione
1651 902 1838 955 perditae

301 972 589 1013 multitudinis
636 985 778 1014 eorum
835 971 1037 1025 reliquiae
1093 972 1235 1013 saluae
1281 973 1416 1014 factae
1462 975 1561 1014 sunt
1605 973 1752 1026 utique
1797 972 1836 1012 in

302 1044 460 1099 paucis,
496 1056 518 1084 a
552 1044 704 1096 quibus
744 1056 814 1084 eos
854 1043 1175 1096 dispertiendos,
1215 1043 1295 1085 hoc
1329 1046 1394 1084 est
1431 1043 1680 1085 diuidendos
1713 1045 1839 1096 atque

303 1116 555 1168 separandos
584 1114 793 1167 scriptura
819 1114 1134 1168 praenuntiauit
1161 1115 1322 1156 dicens:
1350 1115 1571 1163 Domine„
1600 1128 1624 1156 a
1650 1115 1838 1168 paucis,

302 1186 346 1227 id
380 1189 444 1227 est
477 1198 499 1226 a
531 1185 743 1238 reliquiis,
779 1198 883 1238 quas
918 1198 965 1226 ex
995 1185 1070 1225 illa
1103 1188 1226 1239 gente
1261 1186 1401 1226 saluas
1434 1186 1588 1235 fecisti,
1623 1186 1677 1227 de
1710 1188 1840 1227 terra

303 1256 575 1311 dispertire
616 1269 712 1306 eos,
757 1258 806 1297 ut
843 1258 994 1297 terram
1034 1256 1331 1310 intellegamus
1372 1256 1595 1298 ecclesiam
1634 1257 1840 1298 heredita-

299 1336 470 1381 temque
503 1327 692 1368 fidelium
726 1331 852 1380 atque
887 1329 1137 1378 sanctorum,
1171 1340 1275 1380 quae
1310 1327 1464 1369 dicitur
1491 1331 1532 1369 et
1558 1331 1667 1369 terra
1694 1329 1841 1369 uiuen-

301 1399 408 1440 tium
455 1401 496 1440 et
536 1412 641 1452 quae
687 1398 760 1439 illo
807 1398 933 1439 etiam
972 1398 1065 1439 loco
1105 1401 1216 1440 recte
1256 1399 1446 1453 intellegi
1492 1401 1650 1451 potest:
1697 1399 1840 1440 Beati

303 1471 466 1520 mites,
515 1470 746 1523 quoniam
791 1469 892 1522 ipsi
937 1469 1219 1510 hereditate
1265 1469 1600 1523 possidebunt
1644 1472 1838 1511 terrani.

305 1554 399 1581 011111
439 1543 580 1582 autem
622 1541 781 1581 dictum
823 1542 952 1581 esset:
987 1540 1023 1581 A
1055 1540 1231 1593 paucis
1273 1540 1327 1581 de
1362 1543 1492 1581 terra
1532 1540 1702 1581 diuide
1743 1553 1839 1589 005,

302 1612 492 1652 additum
522 1614 587 1653 est
619 1611 679 1652 ‘in
714 1611 821 1652 uita
848 1615 1042 1659 00111111),
1070 1612 1118 1652 ut
1142 1612 1183 1652 in
1210 1611 1434 1653 manifesto
1461 1611 1651 1653 futurum
1678 1611 1840 1652 intelle-

304 1686 484 1738 geretur,
526 1683 624 1723 duni
665 1683 732 1723 1110
766 1682 932 1723 uiuunt.
973 1684 1218 1735 separantur
1251 1683 1360 1723 enim
1399 1683 1525 1723 multi
1559 1683 1608 1723 ab
1648 1683 1838 1732 ecclesia,

303 1755 376 1796 sed
405 1767 499 1795 cum
527 1754 777 1803 moriuntur,
813 1754 884 1805 qui
912 1756 1052 1794 tamen
1082 1766 1176 1794 cuni
1205 1754 1372 1804 1111111111,
1406 1767 1479 1808 per
1505 1754 1839 1795 communionem

304 1828 660 1866 sacramentorum
684 1825 946 1877 unitatisque
964 1825 1195 1866 catholicae
1211 1825 1409 1865 uidentur
1423 1825 1625 1866 ecclesiae
1641 1826 1840 1878 copulati.

304 1897 375 1938 isti
421 1909 518 1950 ergo
565 1896 690 1937 diuisi
736 1899 835 1936 sunt
873 1909 895 1936 a
933 1896 1093 1949 paucis,
1140 1896 1211 1948 qui
1258 1909 1303 1936 ex
1347 1896 1432 1937 illis
1480 1896 1757 1946 crediderunt,
1792 1897 1840 1937 de

304 1977 425 2018 terra,
467 1981 592 2021 quam
633 1968 744 2008 sicut
783 1980 927 2021 agrum
970 1980 1095 2008 suum
1130 1967 1282 2009 excolit
1321 1970 1439 2021 pater
1477 1968 1673 2021 agricola,
1714 1968 1839 2008 diuisi

305 2042 444 2080 autern
486 2039 526 2079 111
566 2039 655 2079 uita
695 2052 783 2089 sua,
821 2038 865 2079 id
905 2041 970 2079 est
1007 2038 1074 2079 hic
1114 2038 1154 2079 in
1194 2039 1431 2089 manifesto,
1478 2039 1588 2079 sicut
1631 2038 1835 2079 uidemus.

305 2111 497 2163 sequitur
535 2113 694 2151 autem:
735 2111 793 2151 Et
832 2109 886 2151 de
927 2110 1240 2151 absconditis
1280 2110 1382 2151 tuis
1425 2110 1729 2163 adimpletus
1764 2118 1839 2151 est

425 2250 462 2289 3;
494 2250 536 2283 is
562 2250 619 2284 ΡΞ,
650 2250 703 2290 16,
734 2250 776 2282 11
853 2250 894 2284 15
922 2249 980 2282 ΡΒ.
1008 2250 1066 2293 ⁴26,
1097 2249 1154 2290 ]3;
1183 2249 1239 2290 51,
1269 2250 1303 2290 τ;
1336 2249 1415 2292 141,
1442 2249 1462 2283 6
1490 2249 1533 2283 al.
1629 2249 1672 2283 16
1699 2248 1834 2284 Matth.

307 2310 338 2352 5,
366 2309 387 2343 4
462 2309 506 2342 26
533 2309 591 2345 Ps.
621 2311 675 2350 16,
706 2310 749 2343 14

357 2393 372 2426 1
405 2392 466 2436 qui
492 2393 526 2425 A
649 2392 755 2436 sicut]
783 2392 832 2426 sic
864 2391 897 2425 G
1018 2394 1180 2436 poteram
1208 2391 1255 2424 M
1373 2392 1393 2425 2
1421 2391 1505 2425 XVI
1531 2391 1579 2424 mi
1605 2390 1648 2424 K
1670 2390 1755 2425 XVI
1783 2402 1806 2425 a
1823 2403 1839 2425 e

309 2452 437 2486 decimi
465 2452 556 2486 sexti
583 2455 660 2486 cett.
688 2451 766 2485 edd.
831 2452 851 2485 5
879 2451 934 2495 (101
964 2462 983 2484 a
1011 2451 1053 2484 H
1148 2450 1247 2485 aliud
1273 2451 1308 2484 A
1371 2452 1389 2484 7
1419 2451 1468 2485 cis
1495 2453 1550 2484 est
1576 2450 1655 2486 edd.
1718 2450 1739 2484 8
1766 2451 1838 2484 sint

306 2511 427 2545 HJIA
457 2523 479 2544 (ι
592 2512 633 2545 10
661 2511 777 2544 factae
805 2521 884 2554 omi,
910 2522 955 2544 m.
983 2514 1002 2544 1
1031 2511 1071 2544 rin
1098 2522 1209 2555 mary.
1239 2510 1324 2544 add.
1359 2510 1393 2544 V
1501 2510 1540 2544 11
1571 2513 1677 2554 atque
1704 2521 1772 2543 om.
1805 2510 1838 2544 G

311 2571 351 2603 12
379 2569 596 2614 reparandos
623 2570 658 2603 A
677 2573 765 2613 post
791 2569 1010 2614 separandos
1036 2581 1079 2603 m.
1100 2570 1267 2614 fortasse
1292 2572 1312 2603 1
1341 2569 1427 2603 add.
1456 2572 1506 2603 est
1533 2580 1564 2613 q,
1589 2569 1622 2603 G
1697 2568 1837 2602 domine

309 2640 328 2662 a
354 2629 475 2673 paucis
503 2640 583 2671 mn.⁷
612 2640 653 2662 m.
677 2631 701 2662 2
728 2628 812 2662 add.
833 2628 876 2661 K
924 2629 966 2663 15
995 2631 1031 2662 et
1057 2639 1123 2664 om.
1151 2628 1274 2662 ΗΜΛ
1302 2628 1380 2662 edd.
1403 2632 1552 2672 praeter
1572 2639 1606 2661 m
1658 2628 1699 2661 16
1729 2628 1836 2661 etiam

307 2688 369 2721 illo
397 2688 475 2722 edd.
553 2688 593 2721 17
622 2688 860 2722 hereditatem
891 2687 923 2722 G
952 2691 999 2729 (m
1028 2688 1109 2731 del.)
1137 2687 1179 2721 K
1252 2688 1294 2721 19
1321 2687 1521 2721 futurorum
1547 2687 1592 2720 Η
1661 2687 1705 2720 20
1733 2697 1835 2731 sepa-

308 2750 432 2781 rentur
465 2747 498 2780 V
559 2747 601 2780 21
632 2748 692 2791 qui
720 2758 785 2781 om.
814 2749 847 2780 A
922 2749 1225 2781 sacramentorum
1255 2747 1540 2781 communionem
1567 2746 1645 2780 edd.
1708 2746 1752 2779 22
1781 2757 1836 2780 ec-

310 2807 418 2840 clesia
445 2806 485 2839 H
557 2808 602 2840 25
629 2807 664 2839 in
694 2807 769 2840 uita
796 2817 859 2840 sua
886 2817 964 2849 om,
992 2818 1035 2840 m.
1065 2808 1089 2840 2
1117 2806 1202 2840 add.
1229 2805 1272 2839 K

1866 986 1898 1010 10

1867 1343 1900 1367 15

1867 1698 1901 1723 ’ΞΟ
