1952 3118
105 951 135 976 10

104 1304 138 1330 15

106 1659 141 1685 20

603 181 619 200 e
636 179 656 211 p
674 170 682 201 i
699 179 714 200 s
730 173 745 201 t
760 179 780 201 ιι
796 168 807 201 l
823 180 841 202 a
856 179 873 202 r
887 179 955 201 um
997 168 1117 202 CLIV.
1159 167 1259 202 CLV.
1604 172 1680 210 4331

159 297 505 351 propinquantem
553 297 727 349 eiusque
772 296 999 349 potiundae
1044 298 1274 350 amplector
1319 298 1544 339 ardentem.
1596 299 1689 340 inde

161 368 314 421 quippe
348 369 489 408 manat
520 368 643 408 etiam
679 379 778 408 uera
810 367 1008 410 amicit-ia.
1042 381 1121 408 non
1149 369 1358 421 pensanda
1386 370 1689 423 temporalibus

162 437 393 479 commodis
439 437 513 478 sed
557 438 741 491 gratuito
786 449 925 478 amore
970 440 1164 491 potanda.
1218 452 1338 480 nemo
1389 440 1498 481 enim
1550 443 1691 493 potest

161 508 365 550 ueraciter
409 509 569 550 amicus
615 521 708 549 esse
754 508 950 550 hominis.
1001 509 1081 550 nisi
1133 510 1258 550 suerit
1308 511 1441 563 ipsius
1493 512 1689 565 primitus

159 579 372 622 ueritatis:
408 579 518 632 quod
552 579 588 621 si
622 579 751 633 gratis
785 593 863 621 ιιοιι
898 580 984 622 fiat.
1018 580 1133 621 nullo
1167 581 1255 621 fieri
1289 583 1410 634 pacto
1444 584 1600 634 potest.

219 651 283 692 De
316 663 397 704 qua
428 664 470 692 re
504 651 630 692 etiam
664 650 903 704 philosophi
938 650 1071 691 multa
1105 651 1316 700 dixerunt3
1357 652 1428 692 sed
1469 652 1579 705 apud
1619 665 1689 693 eos

160 735 259 763 uera
296 722 446 774 pietas.
485 722 528 763 id
569 724 636 763 est
671 734 798 763 uerax
836 721 924 762 ueri
963 721 1030 762 dei
1070 722 1225 762 cultus.
1265 721 1374 762 unde
1409 722 1548 763 omnia
1579 726 1690 763 recte

160 792 332 834 uiuendi
354 792 450 834 duci
472 796 637 846 oportet
657 791 807 843 officia,
831 805 908 834 non
931 792 1144 833 inuenitur
1164 805 1242 833 non
1266 792 1318 833 ob
1334 792 1463 841 aliud,
1486 796 1689 846 qnantum

160 864 375 918 intellego,
428 864 508 904 nisi
553 863 651 916 quia
695 864 860 905 beatam
906 863 1041 904 uitam
1084 863 1167 916 ipsi
1213 863 1293 904 sibi
1340 864 1519 916 quodam
1566 864 1690 905 modo

159 934 360 976 fabricare
400 935 626 976 uoluerunt
664 934 890 988 potiusque
930 934 1172 987 patrandam
1219 947 1343 987 quam
1387 934 1689 988 impetrandam

161 1009 375 1059 putarunt,
409 1018 503 1047 cum
540 1006 629 1047 eius
664 1005 783 1047 dator
813 1018 891 1047 non
928 1006 983 1046 sit
1016 1006 1096 1046 nisi
1124 1006 1240 1047 (leus.
1280 1018 1414 1058 neque
1449 1006 1558 1047 enim
1591 1006 1691 1047 facit

161 1077 330 1118 beatum
378 1077 603 1127 hominem,
655 1077 737 1118 nisi
775 1077 847 1130 qui
890 1077 992 1118 fecit
1041 1077 1268 1119 hominem.
1322 1089 1415 1117 nam
1461 1077 1532 1130 qui
1576 1079 1689 1118 tanta

163 1150 375 1189 creaturae
403 1160 501 1188 suae
527 1148 636 1189 bona
660 1148 782 1189 bonis
808 1148 1016 1200 malisque
1035 1148 1225 1202 largitur,
1250 1151 1297 1189 ut
1317 1148 1414 1197 sint,
1435 1150 1484 1188 ut
1503 1147 1691 1189 homines

163 1219 260 1268 sint,
293 1221 342 1260 ut
372 1218 565 1273 uigentes
599 1218 809 1262 sensibus.
843 1219 1035 1260 ualentes
1069 1219 1247 1269 uiribus,
1275 1218 1506 1260 adfluentes
1540 1219 1690 1272 opibus

164 1290 260 1340 sint,
296 1303 339 1332 se
371 1291 510 1344 ipsum
544 1290 666 1332 bonis
699 1290 826 1341 dabit⁷
859 1293 907 1331 ut
933 1291 1046 1332 beati
1073 1291 1171 1341 sint,
1206 1290 1304 1344 quia
1331 1291 1421 1332 eius
1454 1290 1579 1331 etiam
1613 1290 1691 1331 hoc

165 1365 228 1403 est
261 1375 428 1411 munus,
460 1365 509 1403 ut
535 1362 632 1403 boni
666 1362 761 1403 sint.
792 1362 855 1403 illi
888 1374 1003 1410 uero,
1037 1362 1109 1415 qui
1136 1362 1176 1402 in
1206 1362 1282 1403 hac
1310 1373 1556 1403 aerumnosa
1587 1361 1690 1403 uita.

162 1433 203 1474 in
231 1433 296 1474 his
323 1432 585 1474 moribundis
611 1433 826 1476 membris.
855 1433 933 1474 sub
958 1434 1033 1474 hac
1056 1434 1218 1474 sarcina
1243 1432 1529 1486 corruptibilis
1556 1432 1691 1474 carnis

164 1508 357 1546 auctores
391 1516 492 1545 suae
524 1504 670 1545 beatae
702 1504 817 1544 uitae
845 1506 887 1545 et
920 1504 1040 1557 quasi
1073 1503 1309 1545 conditores
1342 1516 1435 1545 esse
1466 1504 1694 1545 uoluerunt

164 1576 284 1616 uelut
325 1575 503 1630 propriis
548 1587 638 1616 eam
684 1575 916 1616 uirtutibus
962 1577 1206 1629 appetentes
1244 1575 1410 1628 iamque
1449 1575 1693 1624 retinentes,

164 1658 243 1687 non
283 1646 333 1686 ab
372 1646 443 1687 illo
489 1646 602 1687 fonte
641 1646 849 1687 uirtutum
895 1648 1086 1699 petentes
1125 1652 1252 1699 atque
1290 1648 1521 1700 sperantes.
1568 1646 1693 1687 deum

216 1823 231 1856 1
268 1822 605 1866 propinqui2'taten1
646 1822 741 1866 (fuit
771 1833 810 1866 p:
850 1831 959 1865 super
990 1821 1000 1854 i
1035 1824 1067 1854 et
1099 1831 1170 1854 ras.
1206 1831 1249 1854 an
1283 1831 1328 1854 m.
1363 1823 1404 1862 2,·
1441 1825 1479 1854 ta
1518 1831 1611 1864 exp.)
1646 1819 1692 1853 Ι)1

214 1881 399 1926 potiunde‚
424 1892 468 1915 m.
497 1885 522 1915 2
548 1881 670 1926 potius
696 1880 789 1914 unde
815 1880 851 1914 P
875 1881 992 1925 potari
1020 1879 1112 1914 unde
1140 1881 1173 1913 A
1266 1880 1286 1913 3
1314 1881 1478 1923 putanta.
1505 1890 1550 1913 m.
1579 1881 1604 1913 2
1630 1891 1692 1924 pu-

164 1940 276 1975 tanda
301 1939 349 1974 P¹
375 1939 538 1985 putanda
558 1939 587 1975 S
609 1942 667 1983 (m.
695 1941 720 1974 2
746 1939 959 1984 reputanda)
987 1939 1051 1973 VA
1071 1950 1105 1973 m
1131 1938 1303 1984 potienda
1328 1941 1405 1973 cett.
1432 1938 1511 1973 edd.
1561 1939 1584 1972 4
1610 1939 1646 1972 ni
1667 1938 1695 1972 S

166 2001 188 2035 6
215 2000 322 2034 etiam
348 1999 389 2033 in
414 2000 487 2043 fine
511 2010 547 2033 u.
574 2010 640 2034 om.
667 1999 716 2033 M
799 2000 817 2033 7
845 1999 963 2044 pietas
990 2010 1074 2032 uera
1099 1998 1145 2032 M
1222 1999 1243 2032 8
1271 1999 1413 2043 oportet
1439 1999 1476 2031 et
1501 1997 1620 2032 officia
1645 1996 1695 2032 P²

215 2058 309 2095 offia.
336 2070 381 2093 m.
408 2061 434 2093 2
460 2058 579 2093 officia
604 2058 652 2092 M
744 2059 980 2092 inueniuntur
1006 2058 1056 2091 ΡΞ
1154 2068 1259 2102 quam
1285 2055 1336 2090 P2
1425 2058 1446 2091 9
1473 2056 1586 2091 uitam
1612 2067 1693 2092 om..

167 2128 211 2152 m.
239 2121 264 2152 2
290 2117 376 2152 add.
402 2116 485 2152 P¹S
513 2117 626 2151 uitam
658 2127 725 2152 om.
752 2117 827 2150 PV
853 2119 912 2160 (m.
945 2119 970 2150 3
1002 2116 1105 2159 add.)
1130 2116 1178 2150 Ρ·1
1338 2115 1513 2150 fabricare
1539 2115 1692 2160 quodam

166 2176 272 2211 modo
305 2176 339 2210 V
444 2187 513 2221 quo
539 2176 635 2221 (dam
661 2175 767 2210 modo
791 2176 834 2210 in
856 2187 931 2210 ras.
958 2187 1002 2209 m.
1030 2177 1055 2209 2
1082 2175 1183 2213 add.)
1210 2175 1240 2210 S
1336 2175 1379 2210 10
1405 2174 1619 2219 patrandum
1645 2173 1694 2208 P¹

167 2235 225 2280 (m.
254 2238 279 2270 2
305 2235 324 2270 ?
349 2235 578 2281 patrandam)
607 2235 637 2270 S
661 2240 719 2277 (m.
748 2237 773 2270 2
803 2235 1030 2280 patrandam)
1063 2234 1340 2279 impetrandum.
1373 2245 1418 2268 m.
1446 2237 1471 2269 2
1497 2234 1546 2276 (9)
1581 2235 1693 2279 impe-

166 2294 329 2329 trandam
357 2294 407 2330 Ρ1
507 2296 546 2330 11
575 2297 796 2340 putauerunt
822 2293 906 2328 P²L
932 2294 1009 2329 edd.
1110 2294 1159 2329 eis
1185 2293 1269 2328 PP¹
1297 2296 1355 2333 (m.
1383 2295 1409 2328 2
1435 2297 1490 2333 ea)
1591 2293 1694 2327 dator

167 2364 234 2389 om.
262 2353 341 2389 P¹S
370 2356 428 2398 (m.
455 2357 481 2389 2
507 2354 542 2388 .I'.
574 2354 751 2399 patrator)
788 2354 821 2388 V
851 2353 976 2388 doctor
1001 2354 1037 2388 P
1109 2354 1152 2388 12
1179 2353 1214 2387 ni
1247 2353 1349 2397 (add.
1377 2353 1421 2394 si)
1457 2353 1517 2397 qui
1543 2353 1631 2386 facit
1663 2352 1694 2385 V

171 2412 212 2448 13
238 2415 333 2453 tuae,
359 2425 404 2447 m.
432 2416 450 2447 1
474 2424 566 2448 corr.
594 2424 678 2447 suae
704 2413 753 2447 M
842 2415 881 2447 ut
906 2413 1070 2447 homines
1097 2415 1154 2455 (ut
1179 2423 1207 2447 8.
1233 2423 1269 2447 u.
1296 2423 1341 2446 m.
1369 2415 1404 2453 1)
1432 2411 1479 2446 Ρ1
1551 2412 1592 2446 14
1620 2412 1694 2445 sint

167 2471 209 2506 in
227 2473 307 2517 fine
329 2484 365 2507 ιι.
393 2484 459 2507 om.
487 2475 522 2508 A
642 2473 806 2507 uolentes
832 2471 882 2506 P2
969 2473 1012 2507 15
1037 2473 1092 2517 ut]
1119 2472 1215 2506 unde
1240 2470 1291 2506 Ρ2
1410 2472 1518 2505 etiam
1547 2471 1623 2505 eius
1649 2471 1695 2505 M

171 2530 214 2564 16
239 2542 365 2565 munus
392 2534 448 2566 est
474 2531 552 2566 edd.
674 2532 710 2565 in
737 2541 817 2574 om„
843 2542 888 2565 m.
916 2533 942 2564 2
967 2530 1054 2565 add.
1080 2529 1129 2564 P1
1262 2540 1472 2564 aerumnosa
1496 2539 1577 2567 om„
1602 2540 1630 2564 s.
1656 2540 1692 2563 u.

168 2599 213 2625 m.
240 2593 259 2624 1
285 2590 371 2626 add.
398 2589 448 2625 1³²
473 2591 693 2634 aerumnosi·
713 2590 800 2630 uita,
826 2601 872 2624 m.
901 2592 926 2624 2
951 2590 1191 2624 aerumnosa*
1212 2589 1288 2623 uita
1313 2589 1360 2623 M
1505 2590 1547 2622 15
1574 2588 1691 2632 quasi]

171 2658 241 2693 qua
264 2648 349 2683 ΡΡ4
446 2648 654 2689 conditoris,
679 2659 724 2683 m.
752 2651 778 2683 2
803 2648 1008 2683 conditores
1034 2647 1082 2682 Ρι
1158 2648 1200 2682 19
1228 2642 1319 2692 eam]
1347 2646 1454 2681 etiam
1474 2646 1511 2681 P
1603 2647 1693 2681 iam-

170 2710 453 2753 que—petentes
478 2718 546 2742 om.
573 2706 623 2742 1³²
689 2708 736 2742 20
761 2707 805 2742 ab
831 2707 895 2742 illo
922 2707 1022 2741 fonte
1047 2708 1223 2752 uirtutum
1249 2707 1287 2741 in
1315 2705 1488 2740 uertenda
1513 2717 1548 2740 u.
1576 2705 1631 2741 bis
1649 2706 1698 2741 Μ

219 2765 399 2801 dominum
426 2766 460 2801 L
