1844 3122
118 1019 135 1044 δ

99 1373 133 1399 10

98 1727 133 1754 15

825 703 1010 746 CXXIV.

156 795 363 831 DOMINIS
390 797 442 830 IN
470 796 660 831 DOMINO
687 796 971 831 INSIGNIBUS
997 796 1059 831 ET
1088 795 1386 831 SANCTITATE
1417 796 1689 832 CARISSIMIS

156 855 217 891 AC
260 855 751 891 DESIDERANTISSIMIS
795 855 1064 890 FRATRIBUS
1109 855 1333 896 ALBINAE,
1379 855 1582 891 PINIANO
1628 856 1689 890 ΕΤ

345 915 599 950 MELANIAE
624 914 930 950 AUGUSTINUS
957 915 1011 950 IN
1037 914 1232 950 DOMINO
1262 914 1500 952 SALUTEM.

219 999 322 1042 Cum
356 1000 502 1041 habitu
536 1000 785 1041 ualitudinis
819 1001 886 1041 uel
920 1002 1070 1040 natura
1095 999 1231 1054 frigus
1258 999 1365 1041 ferre
1398 1012 1479 1041 non
1513 1000 1688 1053 possim,

156 1084 384 1124 numquam
411 1074 552 1112 tamen
578 1071 759 1112 maiores
786 1074 930 1112 aestus
959 1083 1084 1123 quam
1110 1070 1195 1111 ista
1214 1070 1351 1112 hieme
1377 1072 1464 1112 tam
1485 1070 1690 1112 horrenda

156 1142 318 1196 perpeti
349 1142 482 1195 potui,
510 1142 620 1195 quod
655 1142 705 1183 ad
737 1154 829 1193 uos,
865 1141 916 1183 ad
949 1154 1054 1195 quos
1089 1142 1238 1183 uolatu
1271 1141 1402 1182 maria
1434 1142 1690 1183 transeunda

158 1214 334 1263 fuerant,
362 1217 448 1255 tam
481 1214 520 1254 in
553 1214 740 1267 proximo
774 1214 1047 1264 constitutos,
1074 1216 1162 1255 tam
1189 1213 1239 1255 de
1264 1213 1495 1269 longinquo
1523 1214 1689 1255 uisendi

158 1297 233 1326 nos
267 1285 402 1338 gratia
434 1285 652 1326 uenientes
684 1298 766 1328 non
795 1285 930 1326 dicam
962 1297 1136 1339 pergere
1170 1284 1245 1326 sed
1270 1285 1413 1326 uolare
1446 1298 1526 1326 non
1554 1285 1688 1337 potui.

159 1358 201 1397 et
249 1355 423 1398 forsitan
475 1357 677 1398 sanctitas
710 1359 853 1398 uestra
910 1356 1083 1397 eandem
1135 1356 1361 1397 hiemalem
1418 1356 1687 1408 asperitatem

158 1439 313 1480 poenae
345 1440 462 1469 meae
494 1431 659 1469 tantuin
700 1440 871 1469 eausam
904 1427 1132 1481 putauerit.
1173 1427 1298 1468 absit.
1333 1427 1555 1469 carissimi.
1589 1427 1689 1480 quid

159 1499 269 1540 enim
302 1512 429 1554 graue
457 1512 503 1541 ac
530 1499 758 1540 molestum
788 1499 854 1540 uel
883 1498 1007 1539 etiam
1036 1498 1323 1551 periculosum
1351 1498 1507 1540 habent
1532 1499 1688 1540 imbres

157 1569 244 1619 isti,
281 1570 395 1623 quod
427 1583 507 1611 non
541 1570 645 1610 mihi
678 1569 946 1611 subeundum
981 1581 1027 1610 ac
1060 1569 1279 1610 ferendum
1311 1569 1406 1617 fuit,
1440 1572 1488 1611 ut
1527 1569 1577 1610 ad
1610 1582 1688 1611 uos

160 1640 359 1690 uenirem,
391 1642 508 1681 tanta
540 1639 578 1680 in
613 1639 741 1681 tantis
773 1640 897 1680 malis
931 1638 1086 1682 nostris
1121 1638 1286 1688 solatia,
1319 1639 1360 1680 in
1401 1640 1480 1681 hae
1521 1652 1691 1693 genera-

158 1711 270 1752 tione
307 1713 500 1752 tortuosa
538 1723 585 1752 ac
624 1723 821 1765 peruersa
858 1714 944 1751 tam
984 1709 1176 1751 ardenter
1214 1723 1388 1752 accensa
1427 1710 1476 1752 de
1522 1724 1688 1753 summo

158 1782 316 1823 lumine
359 1782 519 1823 lumina
562 1784 761 1835 suscepta
811 1781 1052 1822 humilitate
1104 1781 1304 1823 sublimia
1355 1784 1397 1822 et
1448 1784 1689 1836 contempta

159 1853 348 1894 claritate
387 1853 589 1894 clariora?
629 1853 755 1893 simul
795 1852 921 1893 etiam
961 1853 1118 1894 fruerer
1156 1852 1334 1894 carnalis
1373 1852 1532 1905 patriae
1571 1866 1688 1895 meae

158 1927 243 1965 tam
265 1924 445 1977 spiritali
468 1923 685 1974 felicitate,
708 1936 814 1977 quae
836 1937 912 1965 uos
935 1924 1062 1964 etiam
1083 1927 1325 1978 praesentes
1347 1923 1499 1965 habere
1521 1924 1688 1975 meruit,

159 1995 208 2036 (le
242 1995 396 2048 quibus
429 1995 687 2045 absentibus,
716 2007 813 2036 cum
846 1995 902 2045 id,
936 1994 1047 2049 quod
1079 1995 1166 2036 nati
1199 1994 1302 2036 estis
1336 1997 1378 2036 et
1411 1994 1520 2048 quod
1555 1996 1687 2050 gratia

161 2066 316 2108 Christi
349 2066 450 2108 facti
489 2066 607 2116 estis,
641 2065 818 2115 audiret,
853 2066 1049 2119 quamuis
1089 2066 1260 2107 caritate
1300 2066 1498 2107 crederet.
1531 2068 1687 2109 tamen.

161 2150 209 2178 ne
242 2150 322 2178 non
356 2137 607 2187 crederetur,
639 2150 803 2178 narrare
836 2137 1011 2178 forsitan
1045 2137 1281 2179 uerebatur.

307 2299 338 2332 T
372 2315 414 2328 z
443 2299 518 2334 cod.
551 2299 735 2334 Trea-ensis
764 2302 816 2333 40
841 2311 868 2333 3.
897 2299 1017 2335 ΧΙΙΙ.

304 2358 345 2391 H
372 2375 414 2387 =
442 2358 517 2393 cod.
546 2358 644 2393 Mus.
671 2359 769 2393 Brit.
798 2359 911 2393 Harl⁴
940 2361 1044 2392 3107
1070 2370 1096 2392 s.
1126 2358 1246 2392 XIII.

301 2417 337 2452 R
373 2434 415 2446 z
443 2417 519 2452 cod.
554 2418 760 2452 Vaticanus
789 2420 866 2452 494
892 2430 921 2453 s.
949 2418 1061 2451 XIII
1085 2429 1137 2451 ως.

310 2476 342 2510 V
374 2493 417 2506 =
445 2477 520 2512 coel.
555 2476 760 2511 Vaticanus
789 2480 864 2511 495
889 2488 917 2511 s.
945 2477 1032 2510 XV.

309 2535 342 2568 U
374 2551 417 2565 =
445 2535 522 2570 cod.
557 2535 761 2570 Vaticanus
790 2538 868 2570 499
891 2548 917 2570 s.
947 2536 1032 2569 XV.

207 2642 228 2675 3
255 2640 570 2675 desideratissimis
596 2641 639 2675 H
660 2652 724 2675 sm
822 2638 978 2686 pimand,
1004 2652 1093 2676 corr.
1121 2641 1267 2686 piniano
1300 2639 1334 2674 U
1403 2640 1424 2673 4
1451 2639 1626 2673 melianae
1658 2639 1691 2673 T

161 2701 180 2734 7
207 2700 313 2744 quod,
338 2711 382 2734 m.
411 2702 436 2734 2
461 2704 606 2745 propter
632 2700 727 2745 quod
760 2700 830 2734 VL'
915 2701 958 2735 10
984 2701 1135 2749 fqrtasse
1166 2701 1198 2735 T
1223 2700 1315 2734 forte
1342 2699 1421 2734 edd.
1512 2698 1550 2732 11
1580 2700 1686 2743 potu-

161 2760 229 2794 erit
260 2758 331 2793 VU
410 2760 452 2793 14
479 2759 611 2794 nostris
636 2759 739 2793 malis
768 2758 839 2793 VU
918 2760 958 2794 19
986 2761 1078 2804 cum]
1107 2770 1186 2793 eum
1218 2758 1249 2792 T
1327 2759 1367 2792 21
1399 2769 1469 2791 nou
1497 2769 1576 2799 om„
1603 2768 1647 2791 m.
1670 2759 1688 2790 1

163 2818 249 2853 «dcl.
284 2818 317 2853 U

197 2902 363 2926 xxxxxiu
378 2901 458 2932 Aug.
479 2905 550 2927 sect.
566 2901 594 2926 11
609 2907 677 2933 pars
691 2900 706 2926 3
1621 2887 1635 2919 l
