1924 3122
4 1075 71 1120 [lv
89 1078 141 1119 36

733 239 1082 285 epistularum
1124 239 1224 275 CXL.
1654 242 1734 282 185

205 382 284 412 non
317 370 356 410 in
389 369 515 411 tectis
549 370 674 422 atquc
701 368 948 422 parietibus,
975 381 1053 410 non
1082 369 1120 410 in
1149 381 1336 410 meorum
1366 369 1634 418 orbitatibus,
1663 369 1734 411 sed

203 442 244 482 in
284 453 404 482 carne
442 453 536 482 mea
579 442 657 490 est,
697 440 765 481 cui
811 440 997 493 copulor.
1037 441 1104 481 cui
1151 442 1357 490 conector,
1397 441 1519 482 cuius
1563 453 1733 482 sensum

204 525 283 554 non
321 512 473 553 habere
510 523 589 553 non
628 523 820 564 possum:
869 510 976 552 unde
1016 523 1081 552 me
1123 511 1172 552 de
1217 511 1404 565 proximo
1443 514 1586 566 urget.
1627 514 1675 553 ut
1713 525 1735 553 a

203 582 429 637 patientiae
469 582 625 624 uiltute
665 581 869 623 deficiam.
911 594 967 623 ne
1002 581 1255 623 discedas
1296 595 1317 623 a
1357 595 1445 624 me.
1487 582 1733 636 quoniam

164 669 180 692 5
204 666 300 695 non
334 656 429 706 est,
464 653 549 707 qui
585 653 810 695 adiuuet
842 666 975 706 neque
1009 654 1171 695 amicus
1203 666 1339 706 neque
1371 653 1634 707 propinquus
1667 667 1735 695 ne—

145 1024 180 1050 10

145 1380 178 1406 15

145 2089 179 2115 25

202 737 283 779 que
313 725 496 766 humana
521 725 613 766 laus
641 736 776 778 neque
802 725 1050 777 praeteritae
1078 724 1309 766 recordatio
1337 725 1572 779 uoluptatis
1601 737 1735 778 neque

203 795 360 849 aliquid
399 808 555 843 eorum,
595 808 676 848 quo
713 798 900 837 terrenae
946 795 1164 837 felicitatis
1209 795 1329 837 ruina
1372 795 1559 845 fulcitur,
1599 808 1734 849 neque

201 867 306 922 ipsa.
353 879 459 920 quae
505 867 542 907 in
588 866 726 907 animo
773 879 864 908 meo
911 869 975 908 est
1020 866 1201 907 humana
1251 867 1403 908 uirtus.
1450 867 1561 920 quia,
1608 867 1642 907 si
1686 869 1733 908 tu

202 938 372 980 deseris.
413 950 518 991 quae
558 937 740 979 hominis
778 937 947 979 uirtus?
992 937 1119 991 quid
1165 939 1246 979 est
1291 937 1401 979 enim
1446 937 1612 979 homo.
1654 937 1733 978 nisi

203 1008 335 1062 quod
370 1021 647 1050 memores
682 1008 828 1050 eius‘?

262 1080 752 1122 Circumdederunt
791 1093 865 1121 me
905 1080 1072 1121 uituli
1113 1080 1284 1122 inulti.
1326 1080 1404 1122 hoc
1444 1084 1510 1122 est
1551 1081 1733 1122 minores

202 1152 240 1192 in
294 1151 427 1205 plebe.
535 1151 675 1192 tauri
735 1152 965 1206 pingues
1023 1152 1359 1193 obsederunt
1409 1165 1497 1194 me.
1543 1152 1622 1193 hoc
1668 1154 1732 1192 est

203 1222 370 1277 superbi
410 1235 456 1263 ac
496 1222 666 1264 diuites.
706 1223 915 1277 principes
955 1223 1102 1277 plebis.
1198 1226 1529 1277 aperuerunt
1567 1223 1616 1264 in
1658 1236 1733 1264 me

204 1307 257 1335 os
291 1306 439 1335 suum
475 1319 530 1323 —
564 1294 801 1336 clamando:
844 1293 1142 1348 Crucifige.
1177 1294 1453 1349 crucifige
1485 1319 1542 1324 —
1576 1294 1731 1348 quasi

202 1365 284 1406 leo
324 1365 539 1417 rapiens
579 1368 628 1406 et
666 1366 906 1420 rugiens:
954 1368 1182 1420 rapuerunt
1227 1366 1335 1407 enim
1383 1366 1731 1419 comprehensum

202 1435 456 1477 adducentes
495 1436 545 1477 ad
584 1436 815 1489 praesidem
857 1439 898 1478 et
935 1437 1154 1491 rugierunt
1192 1436 1371 1490 petendo
1410 1436 1501 1477 eius
1540 1438 1733 1477 mortem.

291 1507 437 1548 sicut
476 1520 606 1560 aqua
649 1509 863 1549 effusus
904 1520 1031 1557 sum,
1071 1510 1287 1561 tamquam
1334 1510 1381 1548 ut
1428 1507 1466 1548 in
1514 1520 1580 1548 me
1623 1508 1731 1561 lapsi

203 1577 396 1619 caderent
427 1580 716 1631 persecutores
756 1579 852 1620 mei.
947 1579 1197 1633 dispersa
1237 1581 1360 1620 sunt
1400 1579 1572 1619 omnia
1611 1591 1732 1620 ossa

202 1661 328 1697 mea;
365 1649 465 1702 quid
499 1651 596 1690 sunt
628 1662 726 1690 ossa
757 1650 838 1690 nisi
873 1650 1058 1703 corporis
1086 1649 1378 1691 firmamenta?
1413 1662 1564 1704 corpus
1591 1651 1730 1691 autem

145 1735 160 1760 ε
204 1719 358 1762 Christi
392 1721 589 1763 ecclesia:
631 1720 890 1762 firmamenta
930 1734 1027 1776 ergo
1067 1721 1270 1762 ecclesiae
1309 1721 1379 1774 qui
1420 1721 1499 1762 nisi
1538 1720 1733 1774 apostoli.

203 1791 273 1844 qui
312 1792 437 1833 etiam
479 1792 759 1833 columnae
798 1793 897 1834 alibi
938 1793 1230 1846 appellantur?
1275 1793 1316 1833 hi
1362 1792 1509 1845 utique
1554 1792 1731 1845 dispersi

203 1864 315 1909 sunt,
342 1875 436 1903 cum
471 1862 521 1903 acl
554 1863 793 1915 passionem
827 1863 918 1918 ipse
952 1863 1178 1904 (luceretur
1209 1864 1278 1904 uel
1311 1876 1405 1905 cum
1441 1865 1555 1905 esset
1580 1876 1731 1916 passus

203 1935 245 1974 et
280 1936 485 1975 mortuus.
578 1934 778 1976 factum
827 1939 905 1976 est
952 1948 1040 1975 cor
1085 1947 1250 1976 meum
1297 1936 1564 1987 tamqnam
1614 1947 1730 1975 cera

202 2004 515 2058 liquescens
555 2005 603 2045 in
646 2005 817 2047 medio
859 2006 1068 2047 uentris
1108 2006 1218 2047 mei.
1258 2006 1335 2047 hoc
1375 2018 1473 2046 sane
1514 2018 1637 2058 quem
1681 2005 1730 2046 ad

203 2075 374 2117 modum
395 2076 523 2129 capiti
544 2080 700 2125 nostro,
715 2077 850 2129 ipsius
873 2078 1058 2130 corporis
1080 2077 1281 2118 saluatori
1298 2080 1529 2131 coaptetur.
1546 2076 1732 2117 inuenire

203 2145 373 2188 difficile
406 2150 483 2188 est.
517 2160 652 2200 neque
685 2148 792 2188 enim
830 2148 910 2189 nisi
944 2160 1094 2201 magno
1133 2160 1288 2201 pauore
1328 2147 1548 2199 contingit.
1583 2150 1628 2188 ut
1662 2159 1733 2187 cor

321 2286 342 2320 9
368 2286 424 2320 Ps.
452 2289 484 2320 ὅ.
512 2287 548 2326 ὃς
578 2286 684 2320 Hebr.
712 2287 744 2328 2,
771 2290 792 2317 (ἱ
864 2287 899 2320 ll
934 2287 990 2321 l's.
1018 2287 1074 2329 21,
1106 2287 1260 2322 13—14:
1290 2286 1375 2320 Luc.
1403 2286 1459 2329 2³32,
1487 2286 1528 2318 21
1605 2286 1729 2321 1:223

203 2343 259 2378 ΡΞ.
285 2345 341 2381 21.
371 2346 412 2378 15»
486 2346 527 2379 21
559 2346 636 2380 Gal.
663 2347 695 2383 2,
723 2347 743 2379 9

253 2427 267 2459 l
297 2427 419 2471 atque}
448 2430 511 2461 aut
537 2427 578 2461 N
666 2429 686 2460 ἴ)
715 2440 763 2472 es,
789 2440 833 2462 m.
863 2431 880 2461 1
906 2439 994 2463 cor-r.
1024 2430 1080 2462 est
1107 2428 1136 2461 L
1229 2430 1250 2461 l}
1279 2427 1476 2471 uoluptati*
1510 2436 1631 2470 (super
1658 2437 1727 2458 ras.

203 2497 247 2519 m.
274 2489 293 2520 1
319 2486 402 2521 add.
432 2489 461 2528 s)
493 2487 525 2521 T
597 2488 615 2520 7
645 2488 702 2532 qui
735 2487 765 2522 Ο
837 2493 857 2516 ><
886 2491 940 2523 est
966 2498 1044 2521 meo
1072 2487 1151 2521 edd.
1240 2498 1321 2531 qna,
1350 2498 1391 2520 m.
1424 2490 1439 2519 1
1465 2496 1556 2520 corr.
1584 2486 1668 2529 quia
1699 2485 1726 2518 Ι,

203 2544 224 2577 9
250 2545 343 2579 enim
370 2556 436 2579 om.
470 2545 502 2579 Τ
550 2547 592 2579 12
619 2557 675 2580 me
701 2558 768 2580 nm.
795 2545 864 2580 Lo
922 2546 964 2580 13
991 2545 1042 2590 in]
1068 2556 1174 2590 super
1206 2545 1237 2586 Τ
1287 2546 1328 2579 14
1356 2543 1727 2579 clamando—est'usm

203 2613 279 2637 sum
304 2614 371 2638 om.
405 2604 436 2637 'I'
530 2603 728 2639 clamantes
755 2605 833 2639 edd.
936 2606 978 2638 15
1006 2604 1262 2649 conprehesum
1296 2607 1326 2635 Η
1426 2605 1467 2637 17
1496 2607 1533 2636 ut
1560 2614 1627 2637 om.
1658 2602 1731 2636 GT

206 2662 247 2695 1-*2
273 2661 423 2708 dispersi
454 2664 483 2696 Ο
576 2663 619 2698 19
646 2664 803 2709 corporis
828 2664 896 2698 nisi
931 2664 962 2697 T
1053 2663 1291 2698 fundamenta
1320 2662 1461 2697 LORG
1553 2662 1599 2695 ‘20
1625 2663 1725 2705 ergo}

205 2723 322 2755 autem
351 2733 382 2755 m
457 2723 498 2756 21
529 2722 732 2767 apellantur
758 2723 843 2757 alibi
876 2723 908 2757 G
983 2725 1236 2767 nuncupantur
1262 2722 1342 2756 edd.
1419 2721 1466 2754 hii
1502 2720 1532 2754 T
1603 2721 1647 2754 23
1676 2723 1725 2762 etl

205 2779 261 2814 uel
290 2779 320 2813 O
422 2785 475 2814 est
503 2791 587 2825 ergo
614 2792 673 2815 cor
702 2781 731 2815 L
759 2781 837 2816 edd.
925 2782 970 2815 25
998 2781 1107 2826 capiti
1136 2784 1266 2825 (postr.
1295 2781 1317 2814 l.
1347 2792 1389 2814 m.
1419 2782 1443 2812 .·.'
1470 2781 1506 2813 in
1534 2790 1603 2812 rus.
1636 2782 1728 2811 1—.;’

206 2837 242 2879 l.)
272 2838 302 2872 Ο
404 2840 520 2884 corpis
555 2840 586 2874 T
681 2840 874 2875 saluatori*
893 2841 986 2884 (suit
1013 2844 1043 2882 s)
1072 2840 1111 2874 N
