<?xml version="1.0" encoding="UTF-8"?>
<!DOCTYPE html PUBLIC "-//W3C//DTD XHTML 1.0 Transitional//EN"
    "http://www.w3.org/TR/xhtml1/DTD/xhtml1-transitional.dtd">
<html xmlns="http://www.w3.org/1999/xhtml" xml:lang="en" lang="en">
 <head>
  <title>
</title>
<meta http-equiv="Content-Type" content="text/html;charset=utf-8" />
  <meta name='ocr-system' content='tesseract 3.04.00' />
  <meta name='ocr-capabilities' content='ocr_page ocr_carea ocr_par ocr_line ocrx_word'/>
</head>
<body>
  <div class='ocr_page' id='page_1' title='image "./corpusscriptorum44auguuoft_0625.png"; bbox 0 0 1952 3118; ppageno 0'>
   <div class='ocr_carea' id='block_1_1' title="bbox 51 1080 83 1104">
    <p class='ocr_par' dir='ltr' id='par_1_1' title="bbox 51 1080 83 1104">
     <span class='ocr_line' id='line_1_1' title="bbox 51 1080 83 1104; baseline -0.063 0"><span class='ocrx_word' id='word_1_1' title='bbox 51 1080 83 1104; x_wconf 85' lang='lat'>10</span> 
     </span>
    </p>
   </div>
   <div class='ocr_carea' id='block_1_2' title="bbox 54 1436 83 1461">
    <p class='ocr_par' dir='ltr' id='par_1_2' title="bbox 54 1436 83 1461">
     <span class='ocr_line' id='line_1_2' title="bbox 54 1436 83 1461; baseline 0.069 -2"><span class='ocrx_word' id='word_1_2' title='bbox 54 1436 83 1461; x_wconf 87' lang='lat'>15</span> 
     </span>
    </p>
   </div>
   <div class='ocr_carea' id='block_1_3' title="bbox 59 1791 92 1816">
    <p class='ocr_par' dir='ltr' id='par_1_3' title="bbox 59 1791 92 1816">
     <span class='ocr_line' id='line_1_3' title="bbox 59 1791 92 1816; baseline 0 0"><span class='ocrx_word' id='word_1_3' title='bbox 59 1791 92 1816; x_wconf 78' lang='lat'>20</span> 
     </span>
    </p>
   </div>
   <div class='ocr_carea' id='block_1_4' title="bbox 60 2147 92 2171">
    <p class='ocr_par' dir='ltr' id='par_1_4' title="bbox 60 2147 92 2171">
     <span class='ocr_line' id='line_1_4' title="bbox 60 2147 92 2171; baseline 0.031 -1"><span class='ocrx_word' id='word_1_4' title='bbox 60 2147 92 2171; x_wconf 80' lang='lat'>25</span> 
     </span>
    </p>
   </div>
   <div class='ocr_carea' id='block_1_5' title="bbox 605 293 1633 338">
    <p class='ocr_par' dir='ltr' id='par_1_5' title="bbox 605 293 1633 338">
     <span class='ocr_line' id='line_1_5' title="bbox 605 293 1633 338; baseline 0.001 -10"><span class='ocrx_word' id='word_1_5' title='bbox 605 294 955 338; x_wconf 80' lang='lat' dir='ltr'>epistularum</span> <span class='ocrx_word' id='word_1_6' title='bbox 996 293 1149 328; x_wconf 83' lang='lat' dir='ltr'><strong>CLXIX.</strong></span> <span class='ocrx_word' id='word_1_7' title='bbox 1549 294 1633 336; x_wconf 82' lang='lat'>613</span> 
     </span>
    </p>
   </div>
   <div class='ocr_carea' id='block_1_6' title="bbox 107 422 1646 2256">
    <p class='ocr_par' dir='ltr' id='par_1_6' title="bbox 107 422 1641 1328">
     <span class='ocr_line' id='line_1_6' title="bbox 107 422 1636 477; baseline -0.001 -12"><span class='ocrx_word' id='word_1_8' title='bbox 107 424 358 465; x_wconf 88' lang='lat' dir='ltr'>uidebantur</span> <span class='ocrx_word' id='word_1_9' title='bbox 378 423 528 477; x_wconf 88' lang='lat' dir='ltr'>spiritu</span> <span class='ocrx_word' id='word_1_10' title='bbox 557 422 771 471; x_wconf 80' lang='lat' dir='ltr'>excellere,</span> <span class='ocrx_word' id='word_1_11' title='bbox 800 434 895 463; x_wconf 88' lang='lat' dir='ltr'>cum</span> <span class='ocrx_word' id='word_1_12' title='bbox 923 422 1200 475; x_wconf 87' lang='lat' dir='ltr'>superbiendo</span> <span class='ocrx_word' id='word_1_13' title='bbox 1229 425 1379 464; x_wconf 90' lang='lat' dir='ltr'>cuncta</span> <span class='ocrx_word' id='word_1_14' title='bbox 1404 424 1636 464; x_wconf 79' lang='lat' dir='ltr'><strong>turbarent.</strong></span> 
     </span>
     <span class='ocr_line' id='line_1_7' title="bbox 109 492 1629 549; baseline -0.001 -13"><span class='ocrx_word' id='word_1_15' title='bbox 109 496 151 536; x_wconf 65' lang='lat' dir='ltr'>si</span> <span class='ocrx_word' id='word_1_16' title='bbox 191 494 310 548; x_wconf 89' lang='lat' dir='ltr'>quis</span> <span class='ocrx_word' id='word_1_17' title='bbox 351 507 448 549; x_wconf 89' lang='lat' dir='ltr'>ergo</span> <span class='ocrx_word' id='word_1_18' title='bbox 489 493 708 535; x_wconf 88' lang='lat' dir='ltr'>uidetur</span> <span class='ocrx_word' id='word_1_19' title='bbox 752 492 1017 545; x_wconf 85' lang='lat' dir='ltr'>propheta</span> <span class='ocrx_word' id='word_1_20' title='bbox 1055 505 1170 534; x_wconf 91' lang='lat' dir='ltr'>esse</span> <span class='ocrx_word' id='word_1_21' title='bbox 1211 500 1301 535; x_wconf 86' lang='lat' dir='ltr'>aut</span> <span class='ocrx_word' id='word_1_22' title='bbox 1341 494 1629 547; x_wconf 67' lang='lat' dir='ltr'>spiritalis</span> 
     </span>
     <span class='ocr_line' id='line_1_8' title="bbox 108 564 1638 621; baseline 0 -14"><span class='ocrx_word' id='word_1_23' title='bbox 108 568 416 621; x_wconf 85' lang='lat' dir='ltr'>cognoscat,</span> <span class='ocrx_word' id='word_1_24' title='bbox 461 564 612 619; x_wconf 91' lang='lat' dir='ltr'>inquit,</span> <span class='ocrx_word' id='word_1_25' title='bbox 659 577 788 617; x_wconf 88' lang='lat' dir='ltr'>quae</span> <span class='ocrx_word' id='word_1_26' title='bbox 835 565 1010 606; x_wconf 88' lang='lat' dir='ltr'>scribo</span> <span class='ocrx_word' id='word_1_27' title='bbox 1050 565 1226 616; x_wconf 89' lang='lat' dir='ltr'>uobis,</span> <span class='ocrx_word' id='word_1_28' title='bbox 1270 566 1394 619; x_wconf 90' lang='lat' dir='ltr'>quia</span> <span class='ocrx_word' id='word_1_29' title='bbox 1436 566 1638 607; x_wconf 86' lang='lat' dir='ltr'>domini</span> 
     </span>
     <span class='ocr_line' id='line_1_9' title="bbox 109 635 1637 689; baseline -0.001 -11"><span class='ocrx_word' id='word_1_30' title='bbox 109 641 186 679; x_wconf 85' lang='lat' dir='ltr'>est</span> <span class='ocrx_word' id='word_1_31' title='bbox 218 637 515 678; x_wconf 86' lang='lat' dir='ltr'>mandatum.</span> <span class='ocrx_word' id='word_1_32' title='bbox 558 636 599 677; x_wconf 91' lang='lat' dir='ltr'>si</span> <span class='ocrx_word' id='word_1_33' title='bbox 632 635 743 689; x_wconf 86' lang='lat' dir='ltr'>quis</span> <span class='ocrx_word' id='word_1_34' title='bbox 777 635 985 677; x_wconf 86' lang='lat' dir='ltr'>uidetur</span> <span class='ocrx_word' id='word_1_35' title='bbox 1018 649 1128 677; x_wconf 91' lang='lat' dir='ltr'>esse</span> <span class='ocrx_word' id='word_1_36' title='bbox 1168 639 1210 677; x_wconf 92' lang='lat' dir='ltr'>et</span> <span class='ocrx_word' id='word_1_37' title='bbox 1247 636 1395 689; x_wconf 86' lang='lat' dir='ltr'>utique</span> <span class='ocrx_word' id='word_1_38' title='bbox 1434 649 1514 678; x_wconf 91' lang='lat' dir='ltr'>non</span> <span class='ocrx_word' id='word_1_39' title='bbox 1554 640 1637 684; x_wconf 75' lang='lat' dir='ltr'>est:</span> 
     </span>
     <span class='ocr_line' id='line_1_10' title="bbox 109 706 1641 761; baseline -0.001 -12"><span class='ocrx_word' id='word_1_40' title='bbox 109 721 203 749; x_wconf 83' lang='lat' dir='ltr'>nani</span> <span class='ocrx_word' id='word_1_41' title='bbox 249 707 319 761; x_wconf 86' lang='lat' dir='ltr'>qui</span> <span class='ocrx_word' id='word_1_42' title='bbox 359 711 436 756; x_wconf 89' lang='lat' dir='ltr'>est,</span> <span class='ocrx_word' id='word_1_43' title='bbox 479 707 566 748; x_wconf 91' lang='lat' dir='ltr'>sine</span> <span class='ocrx_word' id='word_1_44' title='bbox 606 706 868 748; x_wconf 78' lang='lat' dir='ltr'>dubitatione</span> <span class='ocrx_word' id='word_1_45' title='bbox 907 707 1126 761; x_wconf 79' lang='lat' dir='ltr'>cognoscit</span> <span class='ocrx_word' id='word_1_46' title='bbox 1163 719 1238 748; x_wconf 88' lang='lat' dir='ltr'>nec</span> <span class='ocrx_word' id='word_1_47' title='bbox 1278 707 1560 749; x_wconf 85' lang='lat' dir='ltr'>admonitione</span> <span class='ocrx_word' id='word_1_48' title='bbox 1599 710 1641 748; x_wconf 94' lang='lat' dir='ltr'>et</span> 
     </span>
     <span class='ocr_line' id='line_1_11' title="bbox 109 778 1639 832; baseline -0.001 -12"><span class='ocrx_word' id='word_1_49' title='bbox 109 780 396 820; x_wconf 76' lang='lat' dir='ltr'>cohortatione</span> <span class='ocrx_word' id='word_1_50' title='bbox 437 791 543 832; x_wconf 91' lang='lat' dir='ltr'>opus</span> <span class='ocrx_word' id='word_1_51' title='bbox 576 778 716 829; x_wconf 89' lang='lat' dir='ltr'>habet,</span> <span class='ocrx_word' id='word_1_52' title='bbox 756 778 855 831; x_wconf 88' lang='lat' dir='ltr'>quia</span> <span class='ocrx_word' id='word_1_53' title='bbox 888 778 1050 819; x_wconf 88' lang='lat' dir='ltr'>omnia</span> <span class='ocrx_word' id='word_1_54' title='bbox 1083 778 1276 819; x_wconf 86' lang='lat' dir='ltr'>iudicat</span> <span class='ocrx_word' id='word_1_55' title='bbox 1315 780 1362 819; x_wconf 93' lang='lat' dir='ltr'>et</span> <span class='ocrx_word' id='word_1_56' title='bbox 1395 791 1417 818; x_wconf 85' lang='lat' dir='ltr'>a</span> <span class='ocrx_word' id='word_1_57' title='bbox 1450 778 1639 819; x_wconf 88' lang='lat' dir='ltr'>nemine</span> 
     </span>
     <span class='ocr_line' id='line_1_12' title="bbox 109 848 1641 903; baseline -0.001 -12"><span class='ocrx_word' id='word_1_58' title='bbox 109 850 376 891; x_wconf 84' lang='lat' dir='ltr'>indicatur.</span> <span class='ocrx_word' id='word_1_59' title='bbox 415 849 479 890; x_wconf 90' lang='lat' dir='ltr'>illi</span> <span class='ocrx_word' id='word_1_60' title='bbox 517 862 616 903; x_wconf 86' lang='lat' dir='ltr'>ergo</span> <span class='ocrx_word' id='word_1_61' title='bbox 659 848 887 890; x_wconf 84' lang='lat' dir='ltr'>seditiones</span> <span class='ocrx_word' id='word_1_62' title='bbox 928 851 969 890; x_wconf 92' lang='lat' dir='ltr'>et</span> <span class='ocrx_word' id='word_1_63' title='bbox 1007 849 1343 902; x_wconf 83' lang='lat' dir='ltr'>perturbationes</span> <span class='ocrx_word' id='word_1_64' title='bbox 1383 850 1423 890; x_wconf 92' lang='lat' dir='ltr'>in</span> <span class='ocrx_word' id='word_1_65' title='bbox 1464 849 1641 890; x_wconf 88' lang='lat' dir='ltr'>ecclesia</span> 
     </span>
     <span class='ocr_line' id='line_1_13' title="bbox 108 920 1639 974; baseline -0.001 -12"><span class='ocrx_word' id='word_1_66' title='bbox 108 921 331 963; x_wconf 78' lang='lat' dir='ltr'>faciebant.</span> <span class='ocrx_word' id='word_1_67' title='bbox 379 920 449 974; x_wconf 90' lang='lat' dir='ltr'>qui</span> <span class='ocrx_word' id='word_1_68' title='bbox 494 921 747 962; x_wconf 88' lang='lat' dir='ltr'>uidebantur</span> <span class='ocrx_word' id='word_1_69' title='bbox 791 932 898 972; x_wconf 88' lang='lat' dir='ltr'>esse,</span> <span class='ocrx_word' id='word_1_70' title='bbox 946 920 1057 974; x_wconf 90' lang='lat' dir='ltr'>quod</span> <span class='ocrx_word' id='word_1_71' title='bbox 1102 933 1182 961; x_wconf 90' lang='lat' dir='ltr'>non</span> <span class='ocrx_word' id='word_1_72' title='bbox 1228 922 1356 961; x_wconf 92' lang='lat' dir='ltr'>erant.</span> <span class='ocrx_word' id='word_1_73' title='bbox 1400 921 1476 962; x_wconf 92' lang='lat' dir='ltr'>hos</span> <span class='ocrx_word' id='word_1_74' title='bbox 1516 920 1639 962; x_wconf 89' lang='lat' dir='ltr'>docet</span> 
     </span>
     <span class='ocr_line' id='line_1_14' title="bbox 110 991 1639 1046; baseline 0 -13"><span class='ocrx_word' id='word_1_75' title='bbox 110 1004 361 1046; x_wconf 75' lang='lat' dir='ltr'>cognoscere</span> <span class='ocrx_word' id='word_1_76' title='bbox 389 991 546 1033; x_wconf 88' lang='lat' dir='ltr'>domini</span> <span class='ocrx_word' id='word_1_77' title='bbox 581 1004 673 1033; x_wconf 89' lang='lat' dir='ltr'>esse</span> <span class='ocrx_word' id='word_1_78' title='bbox 706 991 966 1042; x_wconf 88' lang='lat' dir='ltr'>mandatum,</span> <span class='ocrx_word' id='word_1_79' title='bbox 1001 991 1100 1044; x_wconf 89' lang='lat' dir='ltr'>quia</span> <span class='ocrx_word' id='word_1_80' title='bbox 1133 1004 1222 1032; x_wconf 92' lang='lat' dir='ltr'>non</span> <span class='ocrx_word' id='word_1_81' title='bbox 1258 994 1334 1032; x_wconf 90' lang='lat' dir='ltr'>est</span> <span class='ocrx_word' id='word_1_82' title='bbox 1367 991 1639 1033; x_wconf 88' lang='lat' dir='ltr'>seditionis</span> 
     </span>
     <span class='ocr_line' id='line_1_15' title="bbox 110 1062 1641 1117; baseline 0 -14"><span class='ocrx_word' id='word_1_83' title='bbox 110 1062 228 1103; x_wconf 87' lang='lat' dir='ltr'>deus</span> <span class='ocrx_word' id='word_1_84' title='bbox 271 1062 354 1104; x_wconf 88' lang='lat' dir='ltr'>sed</span> <span class='ocrx_word' id='word_1_85' title='bbox 387 1063 541 1116; x_wconf 84' lang='lat' dir='ltr'>pacis.</span> <span class='ocrx_word' id='word_1_86' title='bbox 577 1063 616 1104; x_wconf 93' lang='lat' dir='ltr'>si</span> <span class='ocrx_word' id='word_1_87' title='bbox 651 1063 763 1116; x_wconf 88' lang='lat' dir='ltr'>quis</span> <span class='ocrx_word' id='word_1_88' title='bbox 798 1064 962 1103; x_wconf 88' lang='lat' dir='ltr'>autem</span> <span class='ocrx_word' id='word_1_89' title='bbox 994 1063 1205 1117; x_wconf 83' lang='lat' dir='ltr'>ignorat,</span> <span class='ocrx_word' id='word_1_90' title='bbox 1239 1062 1572 1116; x_wconf 81' lang='lat' dir='ltr'>ignorabitur,</span> <span class='ocrx_word' id='word_1_91' title='bbox 1599 1062 1641 1103; x_wconf 89' lang='lat' dir='ltr'>id</span> 
     </span>
     <span class='ocr_line' id='line_1_16' title="bbox 110 1133 1639 1187; baseline 0 -13"><span class='ocrx_word' id='word_1_92' title='bbox 110 1138 172 1174; x_wconf 86' lang='lat' dir='ltr'>est</span> <span class='ocrx_word' id='word_1_93' title='bbox 217 1133 522 1187; x_wconf 87' lang='lat' dir='ltr'>inprobabitur.</span> <span class='ocrx_word' id='word_1_94' title='bbox 567 1146 647 1175; x_wconf 92' lang='lat' dir='ltr'>non</span> <span class='ocrx_word' id='word_1_95' title='bbox 689 1133 799 1174; x_wconf 92' lang='lat' dir='ltr'>enim</span> <span class='ocrx_word' id='word_1_96' title='bbox 850 1133 967 1182; x_wconf 81' lang='lat' dir='ltr'>deus,</span> <span class='ocrx_word' id='word_1_97' title='bbox 1020 1133 1052 1174; x_wconf 90' lang='lat' dir='ltr'>si</span> <span class='ocrx_word' id='word_1_98' title='bbox 1106 1133 1156 1174; x_wconf 90' lang='lat' dir='ltr'>ad</span> <span class='ocrx_word' id='word_1_99' title='bbox 1208 1133 1427 1175; x_wconf 87' lang='lat' dir='ltr'>scientiam</span> <span class='ocrx_word' id='word_1_100' title='bbox 1473 1134 1639 1174; x_wconf 88' lang='lat' dir='ltr'>referas.</span> 
     </span>
     <span class='ocr_line' id='line_1_17' title="bbox 110 1203 1641 1258; baseline 0 -13"><span class='ocrx_word' id='word_1_101' title='bbox 110 1204 274 1256; x_wconf 72' lang='lat' dir='ltr'>ignorat</span> <span class='ocrx_word' id='word_1_102' title='bbox 313 1217 397 1253; x_wconf 74' lang='lat' dir='ltr'>eos,</span> <span class='ocrx_word' id='word_1_103' title='bbox 432 1204 586 1258; x_wconf 90' lang='lat' dir='ltr'>quibus</span> <span class='ocrx_word' id='word_1_104' title='bbox 621 1204 811 1245; x_wconf 90' lang='lat' dir='ltr'>dicturus</span> <span class='ocrx_word' id='word_1_105' title='bbox 846 1207 928 1246; x_wconf 91' lang='lat' dir='ltr'>est:</span> <span class='ocrx_word' id='word_1_106' title='bbox 963 1203 1066 1245; x_wconf 90' lang='lat' dir='ltr'>Non</span> <span class='ocrx_word' id='word_1_107' title='bbox 1101 1204 1220 1245; x_wconf 91' lang='lat' dir='ltr'>noui</span> <span class='ocrx_word' id='word_1_108' title='bbox 1254 1218 1357 1255; x_wconf 89' lang='lat' dir='ltr'>uos,</span> <span class='ocrx_word' id='word_1_109' title='bbox 1392 1204 1464 1245; x_wconf 89' lang='lat' dir='ltr'>sed</span> <span class='ocrx_word' id='word_1_110' title='bbox 1499 1217 1641 1246; x_wconf 89' lang='lat' dir='ltr'>eorum</span> 
     </span>
     <span class='ocr_line' id='line_1_18' title="bbox 110 1275 969 1328; baseline 0.001 -13"><span class='ocrx_word' id='word_1_111' title='bbox 110 1275 344 1328; x_wconf 82' lang='lat' dir='ltr'>inprobatio</span> <span class='ocrx_word' id='word_1_112' title='bbox 378 1276 456 1316; x_wconf 86' lang='lat' dir='ltr'>hoc</span> <span class='ocrx_word' id='word_1_113' title='bbox 488 1275 617 1317; x_wconf 90' lang='lat' dir='ltr'>uerbo</span> <span class='ocrx_word' id='word_1_114' title='bbox 650 1275 861 1317; x_wconf 88' lang='lat' dir='ltr'>insinuata</span> <span class='ocrx_word' id='word_1_115' title='bbox 895 1278 969 1316; x_wconf 90' lang='lat' dir='ltr'>est.</span> 
     </span>
    </p>

    <p class='ocr_par' dir='ltr' id='par_1_7' title="bbox 111 1347 1646 2256">
     <span class='ocr_line' id='line_1_19' title="bbox 171 1347 1639 1401; baseline -0.001 -13"><span class='ocrx_word' id='word_1_116' title='bbox 171 1349 277 1389; x_wconf 80' lang='lat' dir='ltr'>Cum</span> <span class='ocrx_word' id='word_1_117' title='bbox 300 1350 440 1388; x_wconf 87' lang='lat' dir='ltr'>autem</span> <span class='ocrx_word' id='word_1_118' title='bbox 463 1347 658 1388; x_wconf 88' lang='lat' dir='ltr'>dominus</span> <span class='ocrx_word' id='word_1_119' title='bbox 682 1347 813 1388; x_wconf 85' lang='lat' dir='ltr'>dicat:</span> <span class='ocrx_word' id='word_1_120' title='bbox 842 1347 984 1388; x_wconf 83' lang='lat' dir='ltr'>Beati</span> <span class='ocrx_word' id='word_1_121' title='bbox 1012 1347 1191 1388; x_wconf 86' lang='lat' dir='ltr'>mundo</span> <span class='ocrx_word' id='word_1_122' title='bbox 1221 1347 1381 1390; x_wconf 84' lang='lat' dir='ltr'>corde.</span> <span class='ocrx_word' id='word_1_123' title='bbox 1410 1347 1639 1401; x_wconf 86' lang='lat' dir='ltr'>quoniam</span> 
     </span>
     <span class='ocr_line' id='line_1_20' title="bbox 111 1418 1641 1472; baseline 0.001 -14"><span class='ocrx_word' id='word_1_124' title='bbox 111 1418 209 1471; x_wconf 76' lang='lat' dir='ltr'>ipsi</span> <span class='ocrx_word' id='word_1_125' title='bbox 238 1418 378 1460; x_wconf 83' lang='lat' dir='ltr'>deum</span> <span class='ocrx_word' id='word_1_126' title='bbox 406 1418 661 1469; x_wconf 75' lang='lat' dir='ltr'>uidebunt,</span> <span class='ocrx_word' id='word_1_127' title='bbox 695 1431 825 1471; x_wconf 88' lang='lat' dir='ltr'>eaque</span> <span class='ocrx_word' id='word_1_128' title='bbox 852 1418 961 1459; x_wconf 90' lang='lat' dir='ltr'>uisio</span> <span class='ocrx_word' id='word_1_129' title='bbox 990 1418 1030 1459; x_wconf 92' lang='lat' dir='ltr'>in</span> <span class='ocrx_word' id='word_1_130' title='bbox 1059 1418 1138 1459; x_wconf 89' lang='lat' dir='ltr'>fine</span> <span class='ocrx_word' id='word_1_131' title='bbox 1166 1431 1380 1459; x_wconf 89' lang='lat' dir='ltr'>summum</span> <span class='ocrx_word' id='word_1_132' title='bbox 1408 1419 1641 1472; x_wconf 87' lang='lat' dir='ltr'>praemium</span> 
     </span>
     <span class='ocr_line' id='line_1_21' title="bbox 117 1488 1644 1542; baseline 0.001 -13"><span class='ocrx_word' id='word_1_133' title='bbox 117 1489 236 1530; x_wconf 90' lang='lat' dir='ltr'>nobis</span> <span class='ocrx_word' id='word_1_134' title='bbox 270 1488 556 1542; x_wconf 77' lang='lat' dir='ltr'>promittatur,</span> <span class='ocrx_word' id='word_1_135' title='bbox 592 1502 671 1531; x_wconf 92' lang='lat' dir='ltr'>non</span> <span class='ocrx_word' id='word_1_136' title='bbox 706 1492 771 1530; x_wconf 89' lang='lat' dir='ltr'>est</span> <span class='ocrx_word' id='word_1_137' title='bbox 803 1489 1091 1539; x_wconf 88' lang='lat' dir='ltr'>metuendum,</span> <span class='ocrx_word' id='word_1_138' title='bbox 1127 1490 1162 1530; x_wconf 86' lang='lat' dir='ltr'>si</span> <span class='ocrx_word' id='word_1_139' title='bbox 1195 1502 1305 1530; x_wconf 87' lang='lat' dir='ltr'>nunc</span> <span class='ocrx_word' id='word_1_140' title='bbox 1338 1489 1388 1530; x_wconf 90' lang='lat' dir='ltr'>ad</span> <span class='ocrx_word' id='word_1_141' title='bbox 1421 1489 1644 1542; x_wconf 87' lang='lat' dir='ltr'>liquidum.</span> 
     </span>
     <span class='ocr_line' id='line_1_22' title="bbox 118 1560 1644 1614; baseline 0.001 -13"><span class='ocrx_word' id='word_1_142' title='bbox 118 1574 222 1613; x_wconf 81' lang='lat' dir='ltr'>quae</span> <span class='ocrx_word' id='word_1_143' title='bbox 250 1561 298 1602; x_wconf 89' lang='lat' dir='ltr'>de</span> <span class='ocrx_word' id='word_1_144' title='bbox 326 1561 390 1602; x_wconf 92' lang='lat' dir='ltr'>dei</span> <span class='ocrx_word' id='word_1_145' title='bbox 417 1564 565 1602; x_wconf 88' lang='lat' dir='ltr'>natura</span> <span class='ocrx_word' id='word_1_146' title='bbox 591 1560 815 1611; x_wconf 86' lang='lat' dir='ltr'>credimus,</span> <span class='ocrx_word' id='word_1_147' title='bbox 850 1560 1091 1614; x_wconf 81' lang='lat' dir='ltr'>conspicere</span> <span class='ocrx_word' id='word_1_148' title='bbox 1118 1573 1198 1602; x_wconf 93' lang='lat' dir='ltr'>non</span> <span class='ocrx_word' id='word_1_149' title='bbox 1233 1564 1437 1606; x_wconf 83' lang='lat' dir='ltr'>ualemus.</span> <span class='ocrx_word' id='word_1_150' title='bbox 1473 1574 1523 1602; x_wconf 93' lang='lat' dir='ltr'>ne</span> <span class='ocrx_word' id='word_1_151' title='bbox 1549 1561 1644 1602; x_wconf 88' lang='lat' dir='ltr'>inde</span> 
     </span>
     <span class='ocr_line' id='line_1_23' title="bbox 119 1631 1643 1686; baseline 0.001 -14"><span class='ocrx_word' id='word_1_152' title='bbox 119 1632 174 1673; x_wconf 81' lang='lat' dir='ltr'>sit</span> <span class='ocrx_word' id='word_1_153' title='bbox 225 1632 405 1673; x_wconf 87' lang='lat' dir='ltr'>dictum:</span> <span class='ocrx_word' id='word_1_154' title='bbox 460 1631 552 1683; x_wconf 85' lang='lat' dir='ltr'>Qui</span> <span class='ocrx_word' id='word_1_155' title='bbox 604 1631 816 1686; x_wconf 85' lang='lat' dir='ltr'>ignorat,</span> <span class='ocrx_word' id='word_1_156' title='bbox 868 1632 1200 1686; x_wconf 86' lang='lat' dir='ltr'>ignorabitur.</span> <span class='ocrx_word' id='word_1_157' title='bbox 1252 1633 1366 1685; x_wconf 90' lang='lat' dir='ltr'>quia</span> <span class='ocrx_word' id='word_1_158' title='bbox 1417 1632 1543 1673; x_wconf 89' lang='lat' dir='ltr'>enim</span> <span class='ocrx_word' id='word_1_159' title='bbox 1597 1632 1643 1673; x_wconf 93' lang='lat' dir='ltr'>in</span> 
     </span>
     <span class='ocr_line' id='line_1_24' title="bbox 120 1703 1642 1757; baseline 0 -14"><span class='ocrx_word' id='word_1_160' title='bbox 120 1703 370 1756; x_wconf 79' lang='lat' dir='ltr'>sapientia</span> <span class='ocrx_word' id='word_1_161' title='bbox 415 1703 493 1744; x_wconf 88' lang='lat' dir='ltr'>dei</span> <span class='ocrx_word' id='word_1_162' title='bbox 539 1716 630 1744; x_wconf 91' lang='lat' dir='ltr'>non</span> <span class='ocrx_word' id='word_1_163' title='bbox 676 1703 917 1757; x_wconf 88' lang='lat' dir='ltr'>cognouit</span> <span class='ocrx_word' id='word_1_164' title='bbox 961 1703 1172 1744; x_wconf 88' lang='lat' dir='ltr'>mundus</span> <span class='ocrx_word' id='word_1_165' title='bbox 1218 1716 1302 1757; x_wconf 91' lang='lat' dir='ltr'>per</span> <span class='ocrx_word' id='word_1_166' title='bbox 1342 1703 1642 1757; x_wconf 85' lang='lat' dir='ltr'>sapientiam</span> 
     </span>
     <span class='ocr_line' id='line_1_25' title="bbox 119 1774 1644 1828; baseline 0.001 -13"><span class='ocrx_word' id='word_1_167' title='bbox 119 1774 278 1824; x_wconf 76' lang='lat' dir='ltr'>deum,</span> <span class='ocrx_word' id='word_1_168' title='bbox 310 1775 505 1827; x_wconf 86' lang='lat' dir='ltr'>placuit</span> <span class='ocrx_word' id='word_1_169' title='bbox 526 1774 613 1816; x_wconf 88' lang='lat' dir='ltr'>deo</span> <span class='ocrx_word' id='word_1_170' title='bbox 635 1787 718 1827; x_wconf 94' lang='lat' dir='ltr'>per</span> <span class='ocrx_word' id='word_1_171' title='bbox 740 1774 1017 1815; x_wconf 84' lang='lat' dir='ltr'>stultitiam</span> <span class='ocrx_word' id='word_1_172' title='bbox 1047 1774 1446 1828; x_wconf 85' lang='lat' dir='ltr'>praedicationis</span> <span class='ocrx_word' id='word_1_173' title='bbox 1474 1776 1644 1816; x_wconf 90' lang='lat' dir='ltr'>saluos</span> 
     </span>
     <span class='ocr_line' id='line_1_26' title="bbox 118 1845 1643 1900; baseline -0.001 -13"><span class='ocrx_word' id='word_1_174' title='bbox 118 1848 281 1887; x_wconf 74' lang='lat' dir='ltr'>facere</span> <span class='ocrx_word' id='word_1_175' title='bbox 316 1846 589 1887; x_wconf 89' lang='lat' dir='ltr'>credentes.</span> <span class='ocrx_word' id='word_1_176' title='bbox 629 1846 731 1887; x_wconf 89' lang='lat' dir='ltr'>haec</span> <span class='ocrx_word' id='word_1_177' title='bbox 771 1846 955 1887; x_wconf 85' lang='lat' dir='ltr'>stultitia</span> <span class='ocrx_word' id='word_1_178' title='bbox 993 1845 1317 1900; x_wconf 87' lang='lat' dir='ltr'>praedicationis</span> <span class='ocrx_word' id='word_1_179' title='bbox 1351 1858 1398 1887; x_wconf 88' lang='lat' dir='ltr'>ac</span> <span class='ocrx_word' id='word_1_180' title='bbox 1431 1846 1643 1887; x_wconf 88' lang='lat' dir='ltr'>stultum</span> 
     </span>
     <span class='ocr_line' id='line_1_27' title="bbox 119 1916 1643 1971; baseline 0 -13"><span class='ocrx_word' id='word_1_181' title='bbox 119 1917 209 1959; x_wconf 83' lang='lat' dir='ltr'>dei.</span> <span class='ocrx_word' id='word_1_182' title='bbox 250 1917 361 1971; x_wconf 89' lang='lat' dir='ltr'>quod</span> <span class='ocrx_word' id='word_1_183' title='bbox 395 1916 675 1971; x_wconf 88' lang='lat' dir='ltr'>sapientius</span> <span class='ocrx_word' id='word_1_184' title='bbox 710 1920 787 1958; x_wconf 89' lang='lat' dir='ltr'>est</span> <span class='ocrx_word' id='word_1_185' title='bbox 820 1916 1116 1967; x_wconf 89' lang='lat' dir='ltr'>hominibus,</span> <span class='ocrx_word' id='word_1_186' title='bbox 1157 1917 1315 1958; x_wconf 88' lang='lat' dir='ltr'>multos</span> <span class='ocrx_word' id='word_1_187' title='bbox 1349 1917 1559 1959; x_wconf 89' lang='lat' dir='ltr'>contrahit</span> <span class='ocrx_word' id='word_1_188' title='bbox 1592 1917 1643 1958; x_wconf 86' lang='lat' dir='ltr'>ad</span> 
     </span>
     <span class='ocr_line' id='line_1_28' title="bbox 120 1987 1645 2042; baseline 0 -13"><span class='ocrx_word' id='word_1_189' title='bbox 120 1988 313 2038; x_wconf 73' lang='lat' dir='ltr'>salutem,</span> <span class='ocrx_word' id='word_1_190' title='bbox 352 1992 400 2029; x_wconf 90' lang='lat' dir='ltr'>ut</span> <span class='ocrx_word' id='word_1_191' title='bbox 431 2001 511 2029; x_wconf 90' lang='lat' dir='ltr'>non</span> <span class='ocrx_word' id='word_1_192' title='bbox 545 1989 682 2029; x_wconf 87' lang='lat' dir='ltr'>solum</span> <span class='ocrx_word' id='word_1_193' title='bbox 717 1988 787 2041; x_wconf 90' lang='lat' dir='ltr'>qui</span> <span class='ocrx_word' id='word_1_194' title='bbox 820 1988 1005 2029; x_wconf 89' lang='lat' dir='ltr'>nondum</span> <span class='ocrx_word' id='word_1_195' title='bbox 1038 1987 1183 2029; x_wconf 88' lang='lat' dir='ltr'>ualent</span> <span class='ocrx_word' id='word_1_196' title='bbox 1216 1992 1328 2029; x_wconf 90' lang='lat' dir='ltr'>certa</span> <span class='ocrx_word' id='word_1_197' title='bbox 1359 1988 1645 2042; x_wconf 88' lang='lat' dir='ltr'>intellegentia</span> 
     </span>
     <span class='ocr_line' id='line_1_29' title="bbox 119 2059 1646 2113; baseline -0.001 -12"><span class='ocrx_word' id='word_1_198' title='bbox 119 2060 359 2113; x_wconf 84' lang='lat' dir='ltr'>conspicere</span> <span class='ocrx_word' id='word_1_199' title='bbox 399 2063 588 2100; x_wconf 88' lang='lat' dir='ltr'>naturam</span> <span class='ocrx_word' id='word_1_200' title='bbox 629 2059 709 2108; x_wconf 86' lang='lat' dir='ltr'>dei,</span> <span class='ocrx_word' id='word_1_201' title='bbox 749 2072 873 2112; x_wconf 89' lang='lat' dir='ltr'>quam</span> <span class='ocrx_word' id='word_1_202' title='bbox 913 2059 992 2100; x_wconf 86' lang='lat' dir='ltr'>fide</span> <span class='ocrx_word' id='word_1_203' title='bbox 1031 2062 1187 2108; x_wconf 78' lang='lat' dir='ltr'>tenent,</span> <span class='ocrx_word' id='word_1_204' title='bbox 1229 2072 1375 2100; x_wconf 88' lang='lat' dir='ltr'>uerum</span> <span class='ocrx_word' id='word_1_205' title='bbox 1415 2059 1541 2101; x_wconf 88' lang='lat' dir='ltr'>etiam</span> <span class='ocrx_word' id='word_1_206' title='bbox 1576 2059 1646 2112; x_wconf 86' lang='lat' dir='ltr'>qui</span> 
     </span>
     <span class='ocr_line' id='line_1_30' title="bbox 122 2130 1646 2184; baseline 0 -13"><span class='ocrx_word' id='word_1_207' title='bbox 122 2131 303 2172; x_wconf 79' lang='lat' dir='ltr'>nondum</span> <span class='ocrx_word' id='word_1_208' title='bbox 349 2131 389 2171; x_wconf 92' lang='lat' dir='ltr'>in</span> <span class='ocrx_word' id='word_1_209' title='bbox 435 2131 526 2184; x_wconf 86' lang='lat' dir='ltr'>ipsa</span> <span class='ocrx_word' id='word_1_210' title='bbox 572 2130 710 2171; x_wconf 88' lang='lat' dir='ltr'>anima</span> <span class='ocrx_word' id='word_1_211' title='bbox 754 2143 829 2171; x_wconf 89' lang='lat' dir='ltr'>sua</span> <span class='ocrx_word' id='word_1_212' title='bbox 874 2130 932 2171; x_wconf 90' lang='lat' dir='ltr'>ita</span> <span class='ocrx_word' id='word_1_213' title='bbox 976 2130 1263 2183; x_wconf 90' lang='lat' dir='ltr'>incorpoream</span> <span class='ocrx_word' id='word_1_214' title='bbox 1303 2130 1584 2172; x_wconf 87' lang='lat' dir='ltr'>substantiam</span> <span class='ocrx_word' id='word_1_215' title='bbox 1625 2143 1646 2171; x_wconf 87' lang='lat' dir='ltr'>a</span> 
     </span>
     <span class='ocr_line' id='line_1_31' title="bbox 120 2200 1646 2256; baseline -0.001 -13"><span class='ocrx_word' id='word_1_216' title='bbox 120 2202 303 2256; x_wconf 72' lang='lat' dir='ltr'>corporis</span> <span class='ocrx_word' id='word_1_217' title='bbox 343 2201 615 2255; x_wconf 85' lang='lat' dir='ltr'>generalitate</span> <span class='ocrx_word' id='word_1_218' title='bbox 656 2201 910 2243; x_wconf 85' lang='lat' dir='ltr'>discernunt.</span> <span class='ocrx_word' id='word_1_219' title='bbox 951 2214 1074 2254; x_wconf 88' lang='lat' dir='ltr'>quem</span> <span class='ocrx_word' id='word_1_220' title='bbox 1114 2201 1164 2242; x_wconf 87' lang='lat' dir='ltr'>ad</span> <span class='ocrx_word' id='word_1_221' title='bbox 1203 2200 1375 2242; x_wconf 87' lang='lat' dir='ltr'>modum</span> <span class='ocrx_word' id='word_1_222' title='bbox 1415 2201 1516 2243; x_wconf 89' lang='lat' dir='ltr'>certi</span> <span class='ocrx_word' id='word_1_223' title='bbox 1550 2203 1646 2243; x_wconf 84' lang='lat' dir='ltr'>sunt</span> 
     </span>
    </p>
   </div>
   <div class='ocr_carea' id='block_1_7' title="bbox 124 2327 1645 2489">
    <p class='ocr_par' dir='ltr' id='par_1_8' title="bbox 124 2327 1645 2489">
     <span class='ocr_line' id='line_1_32' title="bbox 238 2327 1645 2369; baseline -0.001 -7"><span class='ocrx_word' id='word_1_224' title='bbox 238 2331 258 2362; x_wconf 74' lang='grc'>6</span> <span class='ocrx_word' id='word_1_225' title='bbox 286 2328 301 2362; x_wconf 91' lang='lat' dir='ltr'>I</span> <span class='ocrx_word' id='word_1_226' title='bbox 329 2328 406 2364; x_wconf 86' lang='lat' dir='ltr'>Cor.</span> <span class='ocrx_word' id='word_1_227' title='bbox 435 2329 467 2366; x_wconf 76' lang='grc'>2,</span> <span class='ocrx_word' id='word_1_228' title='bbox 498 2329 538 2362; x_wconf 71' lang='grc'>15</span> <span class='ocrx_word' id='word_1_229' title='bbox 613 2332 633 2363; x_wconf 70' lang='grc' dir='ltr'>ὅ</span> <span class='ocrx_word' id='word_1_230' title='bbox 662 2328 677 2362; x_wconf 94' lang='grc' dir='ltr'>Ι</span> <span class='ocrx_word' id='word_1_231' title='bbox 704 2327 782 2363; x_wconf 84' lang='lat' dir='ltr'>Cor.</span> <span class='ocrx_word' id='word_1_232' title='bbox 813 2330 866 2367; x_wconf 76' lang='lat'>14,</span> <span class='ocrx_word' id='word_1_233' title='bbox 893 2329 937 2362; x_wconf 78' lang='lat'>37</span> <span class='ocrx_word' id='word_1_234' title='bbox 1030 2329 1050 2362; x_wconf 85' lang='lat'>9</span> <span class='ocrx_word' id='word_1_235' title='bbox 1078 2329 1093 2363; x_wconf 94' lang='lat'>1</span> <span class='ocrx_word' id='word_1_236' title='bbox 1121 2328 1200 2363; x_wconf 81' lang='lat' dir='ltr'>Cor.</span> <span class='ocrx_word' id='word_1_237' title='bbox 1230 2329 1285 2369; x_wconf 83' lang='lat'>14,</span> <span class='ocrx_word' id='word_1_238' title='bbox 1313 2329 1357 2363; x_wconf 83' lang='lat'>33</span> <span class='ocrx_word' id='word_1_239' title='bbox 1453 2330 1495 2364; x_wconf 88' lang='lat'>10</span> <span class='ocrx_word' id='word_1_240' title='bbox 1525 2329 1539 2362; x_wconf 89' lang='grc' dir='ltr'>Ι</span> <span class='ocrx_word' id='word_1_241' title='bbox 1567 2329 1645 2362; x_wconf 67' lang='lat' dir='ltr'>(for.</span> 
     </span>
     <span class='ocr_line' id='line_1_33' title="bbox 126 2387 1643 2428; baseline -0.001 -7"><span class='ocrx_word' id='word_1_242' title='bbox 126 2390 175 2423; x_wconf 72' lang='lat'>14.</span> <span class='ocrx_word' id='word_1_243' title='bbox 203 2390 246 2422; x_wconf 61' lang='lat'>:15</span> <span class='ocrx_word' id='word_1_244' title='bbox 312 2389 353 2422; x_wconf 98' lang='grc'>12</span> <span class='ocrx_word' id='word_1_245' title='bbox 381 2388 511 2422; x_wconf 79' lang='lat' dir='ltr'>Matth.</span> <span class='ocrx_word' id='word_1_246' title='bbox 539 2388 571 2425; x_wconf 74' lang='grc' dir='ltr'>Τ,</span> <span class='ocrx_word' id='word_1_247' title='bbox 599 2388 659 2427; x_wconf 80' lang='grc'>23;</span> <span class='ocrx_word' id='word_1_248' title='bbox 690 2387 772 2421; x_wconf 79' lang='lat' dir='ltr'>Luc.</span> <span class='ocrx_word' id='word_1_249' title='bbox 804 2388 857 2425; x_wconf 79' lang='lat'>13.</span> <span class='ocrx_word' id='word_1_250' title='bbox 883 2387 944 2424; x_wconf 70' lang='lat'>252</span> <span class='ocrx_word' id='word_1_251' title='bbox 974 2388 1016 2422; x_wconf 74' lang='grc'>27</span> <span class='ocrx_word' id='word_1_252' title='bbox 1082 2388 1125 2422; x_wconf 89' lang='lat'>14</span> <span class='ocrx_word' id='word_1_253' title='bbox 1151 2387 1281 2422; x_wconf 77' lang='lat' dir='ltr'>Matth.</span> <span class='ocrx_word' id='word_1_254' title='bbox 1309 2389 1340 2428; x_wconf 72' lang='grc' dir='ltr'>ἵ),</span> <span class='ocrx_word' id='word_1_255' title='bbox 1367 2388 1388 2422; x_wconf 81' lang='grc'>8</span> <span class='ocrx_word' id='word_1_256' title='bbox 1455 2389 1495 2422; x_wconf 71' lang='lat'>18</span> <span class='ocrx_word' id='word_1_257' title='bbox 1524 2388 1537 2422; x_wconf 92' lang='lat'><em>1</em></span> <span class='ocrx_word' id='word_1_258' title='bbox 1566 2389 1643 2422; x_wconf 69' lang='lat' dir='ltr'>Cor⁴</span> 
     </span>
     <span class='ocr_line' id='line_1_34' title="bbox 124 2447 623 2489; baseline -0.008 -7"><span class='ocrx_word' id='word_1_259' title='bbox 124 2450 152 2482; x_wconf 88' lang='lat'>1.</span> <span class='ocrx_word' id='word_1_260' title='bbox 179 2448 219 2481; x_wconf 85' lang='grc'>21</span> <span class='ocrx_word' id='word_1_261' title='bbox 298 2449 339 2482; x_wconf 84' lang='grc'>21</span> <span class='ocrx_word' id='word_1_262' title='bbox 370 2448 385 2481; x_wconf 96' lang='grc' dir='ltr'>Ι</span> <span class='ocrx_word' id='word_1_263' title='bbox 413 2447 491 2482; x_wconf 83' lang='lat' dir='ltr'>Cor.</span> <span class='ocrx_word' id='word_1_264' title='bbox 522 2448 550 2489; x_wconf 75' lang='lat'>1,</span> <span class='ocrx_word' id='word_1_265' title='bbox 579 2448 623 2480; x_wconf 71' lang='lat'>25»</span> 
     </span>
    </p>
   </div>
   <div class='ocr_carea' id='block_1_8' title="bbox 122 2517 1651 2740">
    <p class='ocr_par' dir='ltr' id='par_1_9' title="bbox 122 2517 1651 2740">
     <span class='ocr_line' id='line_1_35' title="bbox 168 2517 1647 2563; baseline 0 -11"><span class='ocrx_word' id='word_1_266' title='bbox 168 2520 187 2552; x_wconf 84' lang='grc'>2</span> <span class='ocrx_word' id='word_1_267' title='bbox 215 2519 387 2563; x_wconf 66' lang='lat' dir='ltr'>spiritalis</span> <span class='ocrx_word' id='word_1_268' title='bbox 414 2530 430 2552; x_wconf 89' lang='lat' dir='ltr'>c</span> <span class='ocrx_word' id='word_1_269' title='bbox 457 2522 487 2561; x_wconf 83' lang='lat' dir='ltr'>(c</span> <span class='ocrx_word' id='word_1_270' title='bbox 514 2522 608 2562; x_wconf 76' lang='lat' dir='ltr'>exp.)</span> <span class='ocrx_word' id='word_1_271' title='bbox 636 2521 830 2562; x_wconf 80' lang='lat' dir='ltr'>cognoscat</span> <span class='ocrx_word' id='word_1_272' title='bbox 862 2517 896 2551; x_wconf 90' lang='lat' dir='ltr'><em>U</em></span> <span class='ocrx_word' id='word_1_273' title='bbox 966 2519 986 2551; x_wconf 83' lang='lat'><strong>3</strong></span> <span class='ocrx_word' id='word_1_274' title='bbox 1014 2518 1132 2562; x_wconf 83' lang='lat' dir='ltr'>inquit</span> <span class='ocrx_word' id='word_1_275' title='bbox 1157 2529 1222 2554; x_wconf 90' lang='lat' dir='ltr'>om.</span> <span class='ocrx_word' id='word_1_276' title='bbox 1252 2518 1287 2551; x_wconf 85' lang='grc' dir='ltr'><strong>Ρ</strong></span> <span class='ocrx_word' id='word_1_277' title='bbox 1380 2518 1483 2552; x_wconf 85' lang='lat' dir='ltr'>nobis</span> <span class='ocrx_word' id='word_1_278' title='bbox 1509 2519 1547 2552; x_wconf 78' lang='lat' dir='ltr'>in</span> <span class='ocrx_word' id='word_1_279' title='bbox 1569 2518 1647 2563; x_wconf 80' lang='lat' dir='ltr'>fine</span> 
     </span>
     <span class='ocr_line' id='line_1_36' title="bbox 122 2575 1651 2611; baseline -0.001 0"><span class='ocrx_word' id='word_1_280' title='bbox 122 2590 154 2611; x_wconf 83' lang='lat' dir='ltr'>u.</span> <span class='ocrx_word' id='word_1_281' title='bbox 182 2589 247 2611; x_wconf 67' lang='lat' dir='ltr'>om,</span> <span class='ocrx_word' id='word_1_282' title='bbox 276 2577 311 2611; x_wconf 87' lang='lat' dir='ltr'><strong><em>P</em></strong></span> <span class='ocrx_word' id='word_1_283' title='bbox 441 2578 461 2611; x_wconf 85' lang='lat'>4</span> <span class='ocrx_word' id='word_1_284' title='bbox 489 2577 638 2610; x_wconf 88' lang='lat' dir='ltr'>si—non</span> <span class='ocrx_word' id='word_1_285' title='bbox 666 2579 721 2610; x_wconf 73' lang='lat' dir='ltr'>est</span> <span class='ocrx_word' id='word_1_286' title='bbox 746 2587 813 2609; x_wconf 86' lang='lat' dir='ltr'>om.</span> <span class='ocrx_word' id='word_1_287' title='bbox 848 2575 918 2609; x_wconf 72' lang='lat' dir='ltr'>VL&#39;</span> <span class='ocrx_word' id='word_1_288' title='bbox 1048 2578 1068 2611; x_wconf 76' lang='grc' dir='ltr'>ἱ)</span> <span class='ocrx_word' id='word_1_289' title='bbox 1096 2577 1316 2610; x_wconf 82' lang='lat' dir='ltr'>ainonitione</span> <span class='ocrx_word' id='word_1_290' title='bbox 1351 2577 1382 2610; x_wconf 91' lang='lat' dir='ltr'><em>V</em></span> <span class='ocrx_word' id='word_1_291' title='bbox 1405 2577 1585 2610; x_wconf 80' lang='lat' dir='ltr'>amotione</span> <span class='ocrx_word' id='word_1_292' title='bbox 1618 2576 1651 2611; x_wconf 74' lang='grc' dir='ltr'>ζ’</span> 
     </span>
     <span class='ocr_line' id='line_1_37' title="bbox 122 2635 1646 2677; baseline -0.001 -7"><span class='ocrx_word' id='word_1_293' title='bbox 122 2648 140 2665; x_wconf 47' lang='lat' dir='ltr'>s</span> <span class='ocrx_word' id='word_1_294' title='bbox 169 2648 246 2670; x_wconf 72' lang='lat' dir='ltr'>esse</span> <span class='ocrx_word' id='word_1_295' title='bbox 273 2647 340 2670; x_wconf 83' lang='lat' dir='ltr'>om.</span> <span class='ocrx_word' id='word_1_296' title='bbox 370 2637 409 2670; x_wconf 89' lang='lat' dir='ltr'>II</span> <span class='ocrx_word' id='word_1_297' title='bbox 433 2647 510 2669; x_wconf 80' lang='lat' dir='ltr'>esse</span> <span class='ocrx_word' id='word_1_298' title='bbox 536 2637 571 2669; x_wconf 91' lang='lat' dir='ltr'>in</span> <span class='ocrx_word' id='word_1_299' title='bbox 600 2635 749 2669; x_wconf 81' lang='lat' dir='ltr'>ecclesia</span> <span class='ocrx_word' id='word_1_300' title='bbox 776 2635 854 2668; x_wconf 79' lang='lat' dir='ltr'>edd.</span> <span class='ocrx_word' id='word_1_301' title='bbox 955 2636 975 2669; x_wconf 81' lang='lat'>9</span> <span class='ocrx_word' id='word_1_302' title='bbox 1003 2638 1058 2669; x_wconf 87' lang='lat' dir='ltr'>est</span> <span class='ocrx_word' id='word_1_303' title='bbox 1083 2635 1123 2669; x_wconf 81' lang='lat' dir='ltr'>in</span> <span class='ocrx_word' id='word_1_304' title='bbox 1151 2636 1222 2677; x_wconf 76' lang='lat' dir='ltr'>sine</span> <span class='ocrx_word' id='word_1_305' title='bbox 1247 2648 1281 2670; x_wconf 85' lang='lat' dir='ltr'>u.</span> <span class='ocrx_word' id='word_1_306' title='bbox 1310 2647 1376 2670; x_wconf 83' lang='lat' dir='ltr'>om.</span> <span class='ocrx_word' id='word_1_307' title='bbox 1410 2636 1443 2669; x_wconf 62' lang='lat' dir='ltr'>[f</span> <span class='ocrx_word' id='word_1_308' title='bbox 1542 2637 1584 2669; x_wconf 82' lang='lat' dir='ltr'>lo</span> <span class='ocrx_word' id='word_1_309' title='bbox 1612 2636 1646 2670; x_wconf 80' lang='lat' dir='ltr'>id</span> 
     </span>
     <span class='ocr_line' id='line_1_38' title="bbox 123 2692 1645 2740; baseline -0.002 -10"><span class='ocrx_word' id='word_1_310' title='bbox 123 2698 192 2740; x_wconf 60' lang='lat' dir='ltr'>est]</span> <span class='ocrx_word' id='word_1_311' title='bbox 221 2699 256 2730; x_wconf 88' lang='lat' dir='ltr'>et</span> <span class='ocrx_word' id='word_1_312' title='bbox 289 2695 361 2729; x_wconf 92' lang='lat' dir='ltr'>VU</span> <span class='ocrx_word' id='word_1_313' title='bbox 470 2696 511 2729; x_wconf 83' lang='lat'>12</span> <span class='ocrx_word' id='word_1_314' title='bbox 538 2695 621 2728; x_wconf 88' lang='lat' dir='ltr'>noui</span> <span class='ocrx_word' id='word_1_315' title='bbox 650 2706 669 2728; x_wconf 88' lang='lat' dir='ltr'>n</span> <span class='ocrx_word' id='word_1_316' title='bbox 698 2703 733 2736; x_wconf 10' lang='lat' dir='ltr'>(bn</span> <span class='ocrx_word' id='word_1_317' title='bbox 761 2700 853 2737; x_wconf 58' lang='lat' dir='ltr'>eoep.)</span> <span class='ocrx_word' id='word_1_318' title='bbox 883 2705 946 2727; x_wconf 85' lang='lat' dir='ltr'>uos</span> <span class='ocrx_word' id='word_1_319' title='bbox 978 2692 1011 2729; x_wconf 93' lang='lat' dir='ltr'><strong><em>U</em></strong></span> <span class='ocrx_word' id='word_1_320' title='bbox 1116 2695 1157 2729; x_wconf 66' lang='lat'>15</span> <span class='ocrx_word' id='word_1_321' title='bbox 1184 2696 1286 2729; x_wconf 87' lang='lat' dir='ltr'>nobis</span> <span class='ocrx_word' id='word_1_322' title='bbox 1314 2696 1348 2729; x_wconf 89' lang='lat' dir='ltr'>in</span> <span class='ocrx_word' id='word_1_323' title='bbox 1377 2697 1444 2729; x_wconf 74' lang='lat' dir='ltr'>tine</span> <span class='ocrx_word' id='word_1_324' title='bbox 1471 2706 1645 2729; x_wconf 82' lang='lat' dir='ltr'>summurn</span> 
     </span>
    </p>
   </div>
   <div class='ocr_carea' id='block_1_9' title="bbox 123 2752 1648 2799">
    <p class='ocr_par' dir='ltr' id='par_1_10' title="bbox 123 2752 1648 2799">
     <span class='ocr_line' id='line_1_39' title="bbox 123 2752 1648 2799; baseline -0.001 -11"><span class='ocrx_word' id='word_1_325' title='bbox 123 2755 316 2799; x_wconf 71' lang='lat' dir='ltr'>praemium</span> <span class='ocrx_word' id='word_1_326' title='bbox 350 2753 539 2789; x_wconf 72' lang='lat' dir='ltr'><strong><em>THRVU</em></strong></span> <span class='ocrx_word' id='word_1_327' title='bbox 562 2754 640 2789; x_wconf 77' lang='lat' dir='ltr'>edd.</span> <span class='ocrx_word' id='word_1_328' title='bbox 742 2753 783 2787; x_wconf 73' lang='lat'>17</span> <span class='ocrx_word' id='word_1_329' title='bbox 812 2752 854 2787; x_wconf 83' lang='lat' dir='ltr'>dc</span> <span class='ocrx_word' id='word_1_330' title='bbox 882 2764 949 2787; x_wconf 88' lang='lat' dir='ltr'>om.</span> <span class='ocrx_word' id='word_1_331' title='bbox 983 2753 1014 2786; x_wconf 74' lang='lat' dir='ltr'>&#39;l’</span> <span class='ocrx_word' id='word_1_332' title='bbox 1128 2754 1319 2798; x_wconf 79' lang='lat' dir='ltr'>credimus]</span> <span class='ocrx_word' id='word_1_333' title='bbox 1348 2757 1431 2788; x_wconf 76' lang='lat' dir='ltr'>sunt</span> <span class='ocrx_word' id='word_1_334' title='bbox 1463 2754 1648 2789; x_wconf 73' lang='lat' dir='ltr'><em>TJIRVI·</em></span> 
     </span>
    </p>
   </div>
   <div class='ocr_carea' id='block_1_10' title="bbox 122 2830 1647 2925">
    <p class='ocr_par' dir='ltr' id='par_1_11' title="bbox 122 2830 1647 2925">
     <span class='ocr_line' id='line_1_40' title="bbox 122 2830 1647 2875; baseline -0.001 -9"><span class='ocrx_word' id='word_1_335' title='bbox 122 2833 166 2866; x_wconf 68' lang='lat'>20</span> <span class='ocrx_word' id='word_1_336' title='bbox 194 2831 262 2866; x_wconf 80' lang='lat' dir='ltr'>deu</span> <span class='ocrx_word' id='word_1_337' title='bbox 289 2839 346 2873; x_wconf 61' lang='lat' dir='ltr'>(esi</span> <span class='ocrx_word' id='word_1_338' title='bbox 374 2832 413 2865; x_wconf 80' lang='lat' dir='ltr'>in</span> <span class='ocrx_word' id='word_1_339' title='bbox 441 2842 511 2865; x_wconf 71' lang='lat' dir='ltr'>ras.</span> <span class='ocrx_word' id='word_1_340' title='bbox 540 2843 583 2865; x_wconf 91' lang='lat' dir='ltr'>m.</span> <span class='ocrx_word' id='word_1_341' title='bbox 613 2834 651 2873; x_wconf 70' lang='lat'>2)</span> <span class='ocrx_word' id='word_1_342' title='bbox 687 2830 715 2864; x_wconf 91' lang='lat' dir='ltr'><em>V</em></span> <span class='ocrx_word' id='word_1_343' title='bbox 789 2830 834 2864; x_wconf 76' lang='lat'>22</span> <span class='ocrx_word' id='word_1_344' title='bbox 860 2842 881 2874; x_wconf 93' lang='lat' dir='ltr'>q</span> <span class='ocrx_word' id='word_1_345' title='bbox 909 2830 1109 2875; x_wconf 73' lang='lat' dir='ltr'>sapientior</span> <span class='ocrx_word' id='word_1_346' title='bbox 1130 2831 1164 2865; x_wconf 93' lang='lat' dir='ltr'><em>P</em></span> <span class='ocrx_word' id='word_1_347' title='bbox 1228 2832 1272 2865; x_wconf 84' lang='lat'>‘23</span> <span class='ocrx_word' id='word_1_348' title='bbox 1302 2834 1398 2865; x_wconf 71' lang='lat' dir='ltr'>certa</span> <span class='ocrx_word' id='word_1_349' title='bbox 1425 2831 1546 2865; x_wconf 72' lang='lat' dir='ltr'>ualent</span> <span class='ocrx_word' id='word_1_350' title='bbox 1568 2831 1647 2865; x_wconf 73' lang='lat' dir='ltr'>edd.</span> 
     </span>
     <span class='ocr_line' id='line_1_41' title="bbox 123 2887 886 2925; baseline -0.001 0"><span class='ocrx_word' id='word_1_351' title='bbox 123 2894 166 2925; x_wconf 81' lang='lat'>·.&#39;.&#39;·</span> <span class='ocrx_word' id='word_1_352' title='bbox 194 2891 421 2925; x_wconf 76' lang='lat' dir='ltr'>iii—niodum</span> <span class='ocrx_word' id='word_1_353' title='bbox 450 2901 517 2923; x_wconf 85' lang='lat' dir='ltr'>om.</span> <span class='ocrx_word' id='word_1_354' title='bbox 551 2889 585 2924; x_wconf 87' lang='lat' dir='ltr'><strong><em>U</em></strong></span> <span class='ocrx_word' id='word_1_355' title='bbox 654 2890 698 2923; x_wconf 81' lang='grc'>26</span> <span class='ocrx_word' id='word_1_356' title='bbox 726 2892 820 2924; x_wconf 83' lang='lat' dir='ltr'>certe</span> <span class='ocrx_word' id='word_1_357' title='bbox 852 2887 886 2924; x_wconf 88' lang='lat' dir='ltr'><strong><em>U</em></strong></span> 
     </span>
    </p>
   </div>
  </div>
 </body>
</html>
