1952 3118
251 215 336 255 534
731 211 764 245 S.
803 210 983 244 Aureli
1022 211 1312 255 Augustini

250 345 384 384 morte
421 342 660 396 puniantur.
707 343 792 392 aut,
838 342 875 382 si
914 342 975 382 illi
1014 345 1178 384 tantum
1224 343 1334 395 apud
1378 343 1532 385 inferos
1577 344 1783 385 inutiliter

251 416 376 467 atque
415 414 675 454 infructuose
716 412 906 462 credunt,
951 413 1021 466 qui
1061 414 1282 467 euangelio
1323 414 1403 454 sibi
1436 414 1681 456 adnuntiato
1714 415 1781 456 hic

251 485 416 526 credere
455 485 693 534 noluerunt,
731 484 818 524 illis
858 486 999 524 autem
1041 484 1226 537 proderit
1265 485 1446 535 credere,
1487 486 1559 538 qui
1596 499 1675 527 non
1714 486 1782 527 hic

251 558 608 609 contempserunt,
644 555 757 608 quod
788 555 931 595 audire
965 555 1137 596 minime
1170 557 1412 609 potuerunt,
1447 556 1560 597 aliud
1594 558 1786 610 8601011111·

251 627 490 675 absurdius,
523 629 572 667 ut
603 626 671 667 hic
704 639 784 667 non
818 626 874 667 sit
906 627 1173 681 euangelium
1206 627 1547 679 praedicandum,
1588 629 1781 681 quoniam
1829 640 1845 663 ⁵

251 712 394 741 omnes
446 698 594 751 utique
638 698 832 738 morituri
878 700 976 738 sunt
1021 699 1061 738 et
1106 698 1194 738 sine
1246 698 1332 739 ullo
1384 701 1503 740 reatu
1555 701 1784 753 contempti

251 769 460 824 euangelii
491 770 632 810 uenire
661 769 712 809 ad
737 769 891 810 inferos
920 769 1085 819 debent,
1122 772 1167 809 ut
1194 769 1251 810 eis
1280 770 1480 822 prodesse
1507 771 1655 824 possit,
1691 784 1785 812 cum

249 841 309 882 ibi
342 840 606 890 crediderint,
643 840 756 893 quod
790 840 945 880 sentire
978 840 1132 892 impiae
1166 840 1367 882 uanitatis
1402 843 1476 883 681.

131 907 167 948 V
187 910 238 949 14
313 911 447 963 Quam
476 912 526 953 ob
554 925 640 952 rem
668 914 887 951 teneamus
914 910 1170 961 firmissime,
1205 911 1317 964 quod
1348 912 1452 953 fides
1485 913 1610 953 habet
1642 913 1787 954 funda-

250 984 418 1026 tissima
463 982 713 1024 auctoritate
758 982 941 1023 firmata:
990 981 1113 1033 Quia
1159 982 1392 1024 Christus
1437 987 1664 1026 mortuus
1711 988 1786 1025 est
1813 996 1846 1022 ιο

252 1055 526 1097 secundum
578 1054 860 1107 scripturas
908 1056 954 1094 et
1006 1054 1120 1106 quia
1173 1056 1408 1107 sepultus
1462 1058 1536 1096 est
1582 1058 1627 1097 61
1673 1056 1788 1109 quia

249 1126 527 1168 resurrexit
577 1125 728 1166 tertio
776 1124 852 1165 die
900 1125 1170 1166 secundum
1223 1126 1503 1180 scripturas
1551 1129 1592 1168 et
1637 1129 1785 1176 cetera,

252 1211 358 1252 quae
392 1198 440 1238 de
472 1197 546 1237 illo
580 1196 861 1238 testatissima
902 1197 1079 1238 ueritate
1126 1198 1360 1251 conscripta
1403 1201 1513 1241 sunt.
1553 1198 1593 1238 in
1634 1198 1786 1251 quibus

253 1270 381 1312 etiam
414 1270 492 1310 hoc
527 1271 605 1319 est,
641 1268 753 1321 quod
787 1268 897 1321 apud
929 1268 1084 1309 inferos
1117 1269 1199 1309 fuit
1232 1269 1469 1322 solutisque
1498 1283 1640 1311 eorum
1675 1270 1788 1310 dolo-

251 1342 382 1391 ribus,
417 1341 571 1394 quibus
606 1353 702 1380 eum
731 1341 818 1381 erat
846 1340 1092 1393 inpossibile
1120 1340 1265 1390 teneri,
1294 1354 1316 1380 a
1344 1341 1496 1393 quibus
1524 1341 1649 1381 etiam
1676 1343 1788 1382 recte
1816 1352 1848 1376 15

252 1412 517 1466 intellegitur
555 1411 736 1452 soluisse
777 1414 819 1452 et
854 1412 1069 1461 liberasse,
1117 1424 1221 1464 quos
1266 1412 1419 1462 1101011,
1465 1425 1631 1465 corpus,
1678 1412 1789 1465 quod

252 1484 293 1524 in
322 1495 443 1524 011166
470 1482 711 1535 reliquerat,
745 1482 784 1522 in
814 1483 1007 1535 sepulcro
1035 1483 1223 1536 positum
1249 1483 1472 1536 recepisse.
1505 1483 1546 1524 in
1573 1484 1647 1524 illa
1674 1496 1787 1534 uero,

253 1568 379 1608 quam
404 1553 678 1607 proposuisti,
713 1554 762 1594 de
788 1553 930 1594 uerbis
958 1554 1071 1594 Pet-ri
1098 1554 1280 1606 apostoli
1308 1554 1551 1607 quaestione
1578 1554 1788 1608 quoniam,

254 1639 358 1679 quae
404 1639 469 1666 me
514 1627 726 1675 moueant,
773 1624 976 1678 perspicis
1017 1627 1058 1666 et
1096 1624 1177 1665 alia
1221 1625 1413 1668 fortasse.
1460 1626 1496 1666 si
1541 1626 1788 1679 diligentius

253 1697 550 1746 discutiantur,
585 1698 764 1750 possunt
796 1709 979 1746 mouere,
1013 1696 1083 1737 1161
1117 1697 1228 1750 apud
1259 1710 1334 1737 nos
1369 1710 1415 1738 ea
1449 1697 1670 1751 cogitando
1704 1698 1787 1740 1161.
1817 1707 1849 1731 20

254 1782 358 1821 quos
394 1768 570 1822 dignum
604 1769 669 1808 est
702 1771 744 1809 et
774 1780 1018 1820 possumus.
1054 1768 1310 1809 consulendo
1345 1781 1609 1821 quaeramus.

166 1846 218 1886 15
315 1839 542 1882 Considera
580 1843 736 1889 tamen,
778 1852 827 1879 116
861 1838 966 1880 forte
1006 1841 1144 1880 totum
1184 1839 1304 1890 illud,
1345 1839 1455 1893 quod
1496 1839 1544 1879 de
1578 1840 1789 1881 conclusis

253 1912 295 1952 in
323 1924 484 1952 carcere
513 1910 747 1963 spiritibus,
777 1910 847 1963 qui
875 1910 916 1950 in
944 1910 1091 1952 diebus
1114 1910 1203 1951 Noe
1230 1923 1309 1952 non
1338 1911 1612 1960 crediderant,
1640 1911 1789 1952 Petrus

381 2098 422 2131 10
450 2097 466 2131 1
494 2097 573 2132 cor.
603 2097 658 2140 15,
687 2098 779 2131 3-4
857 2097 899 2130 14
927 2098 1004 2130 Act.
1033 2098 1065 2137 e,
1093 2097 1137 2131 24

305 2229 320 2261 1
351 2227 509 2270 tantum]
538 2230 615 2261 tum
641 2227 676 2260 P
785 2230 892 2270 atque
920 2226 1103 2260 inutiliter
1128 2226 1170 2259 K
1265 2227 1286 2260 2
1314 2226 1507 2267 fructuose,
1534 2238 1579 2261 m.
1609 2228 1633 2260 2
1658 2225 1790 2259 infruc-

254 2289 358 2321 tuose
386 2286 420 2319 P
518 2287 706 2330 euangelio
735 2286 804 2330 Xpi
831 2286 900 2319 sibi
927 2286 975 2319 M
1062 2287 1084 2319 4
1112 2288 1283 2330 sequetur
1308 2285 1351 2319 K
1421 2286 1441 2319 6
1469 2286 1555 2325 0110,
1582 2297 1626 2319 m.
1654 2290 1672 2319 1
1699 2296 1788 2319 corr.

256 2346 330 2380 ullo
359 2345 407 2378 M
549 2345 748 2389 contempti
774 2346 799 2387 (i
827 2355 869 2378 ex
893 2347 984 2387 ras.)
1013 2344 1192 2388 euangelii
1219 2345 1255 2378 P
1280 2346 1486 2389 contempto
1515 2344 1728 2388 euuangelio
1760 2344 1792 2378 G

257 2406 278 2440 9
305 2406 413 2439 fideffi
439 2404 479 2438 F
600 2405 642 2438 10
670 2406 725 2438 est
753 2409 914 2438 mortuus
942 2404 990 2437 M
1104 2404 1145 2437 12
1173 2404 1282 2438 tertia
1307 2403 1455 2438 FAPG
1480 2404 1559 2437 edd.
1587 2414 1652 2437 sec.
1687 2404 1791 2447 Vulq.

260 2465 302 2498 13
330 2464 540 2502 testissima,
567 2475 642 2498 ras.
670 2474 760 2497 corr.
781 2463 857 2497 uid.
887 2463 1087 2497 certissima
1108 2463 1143 2496 P
1167 2463 1365 2497 certissima
1385 2463 1428 2496 K
1494 2464 1536 2498 15
1558 2466 1634 2497 erat
1655 2474 1733 2496 eum
1753 2462 1796 2496 K

306 2524 469 2558 deteneri
501 2524 540 2558 F
569 2526 626 2566 (m.
653 2526 673 2557 1
699 2534 790 2557 corr.
826 2523 995 2565 detineri)
1033 2523 1065 2557 G
1099 2525 1158 2565 (m.
1193 2525 1217 2556 :2
1250 2523 1417 2565 detineri)
1450 2522 1603 2556 detineri
1635 2522 1796 2556 KMAP

261 2585 303 2619 16
332 2584 474 2628 corpus]
505 2586 540 2617 et
568 2594 693 2628 corpus
721 2583 756 2616 P
855 2584 895 2617 17
924 2583 1059 2627 recepit
1089 2583 1119 2612 Γ
1226 2583 1262 2616 in
1288 2583 1351 2616 illo
1379 2583 1412 2616 A
1513 2582 1555 2616 19
1582 2593 1637 2616 me
1664 2593 1731 2616 om.
1759 2583 1792 2615 A

307 2644 484 2688 conspicis
511 2642 554 2676 K
709 2643 791 2686 alia]
820 2654 864 2676 vm.
894 2645 918 2676 ,2
946 2653 1036 2677 corr.
1065 2647 1286 2686 corruptum,
1314 2647 1355 2676 ut
1382 2643 1450 2686 leffl'
1474 2645 1629 2685 nequeat
1654 2642 1793 2685 (fuitne

260 2704 351 2738 alios
380 2703 412 2746 ,9)
442 2702 471 2736 C
568 2704 597 2736 si
625 2713 705 2746 om,
732 2714 776 2736 m.
805 2705 829 2737 2
858 2703 942 2736 add.
975 2702 1007 2736 G
1107 2702 1291 2746 diligentis
1324 2702 1353 2735 C
1436 2702 1479 2735 20
1508 2701 1723 2734 discutiatur
1749 2701 1797 2734 M
1922 2706 1952 2738 :3

262 2767 321 2804 (m.
350 2765 368 2796 1
395 2773 486 2798 corr.
515 2761 769 2806 discutiantur)
797 2761 907 2795 FAG
937 2769 993 2797 (m.
1022 2764 1047 2795 2
1075 2761 1329 2801 discutiantur)
1437 2772 1494 2804 pr.
1525 2761 1598 2804 uel]
1629 2761 1729 2794 uelut
1754 2759 1796 2792 K
1923 2761 1952 2810 ’11

260 2822 302 2855 21
333 2823 381 2866 61]
407 2824 448 2856 ut
473 2821 548 2856 AG
576 2824 610 2855 et
638 2821 668 2855 81
694 2821 728 2854 Ρ
801 2821 844 2854 ‘22
873 2821 1099 2855 considerare
1126 2820 1169 2854 K
1240 2821 1283 2854 23
1311 2820 1538 2854 crediderunt-
1564 2819 1606 2852 K
