1952 3118
90 631 181 675 105

149 1010 182 1034 10

151 1363 182 1388 15

150 1779 184 1804 20

154 2147 186 2172 25

575 223 924 268 epistularum
965 223 1150 258 CLXXIX.
1191 223 1357 258 CLXXX.
1648 227 1732 266 (597

206 356 245 395 in
286 355 470 407 peccatis
510 355 591 409 agi.
637 355 819 396 fateatur
858 368 972 409 ergo.
1018 355 1127 407 quod
1167 354 1407 408 peccauerit
1443 354 1564 405 Abel,
1610 355 1732 396 cuius

206 427 339 479 prima
370 426 458 467 uita
491 426 571 467 suit
602 426 641 467 in
677 426 862 467 saeculo.
903 439 1026 479 quam
1061 426 1217 467 fatetur
1248 438 1326 466 non
1362 438 1497 466 carere
1533 426 1731 479 peccatis,

206 500 246 537 et
280 497 478 550 respiciat
516 498 670 537 librum
710 510 849 538 suuni.
890 497 958 537 ubi
994 510 1087 537 enni
1123 496 1276 537 dixisse
1311 499 1488 540 constat.
1529 496 1641 550 quod
1675 497 1736 537 ait

205 568 244 608 in
277 569 353 608 hac
387 567 646 608 defensione:
681 566 786 608 ‘Non
822 567 1029 609 diximus&

268 638 308 677 Si
343 642 485 679 autem
519 642 560 680 et
600 638 708 679 hunc
741 639 894 679 librum
932 640 996 679 uel
1031 639 1140 680 bunc
1174 639 1211 679 in
1247 651 1294 679 eo
1328 639 1433 680 libro
1468 640 1607 680 locum
1641 651 1735 680 esse

207 709 424 762 negauerit
463 722 600 751 suum.
648 721 724 763 ego
765 709 932 761 quidem
973 709 1144 750 idoneos
1184 713 1316 749 testes
1356 709 1487 749 liabeo
1534 709 1734 751 honestos

208 785 249 820 et
277 780 419 821 fideles
448 780 561 821 uiros
589 783 630 821 et
657 780 747 820 eius
782 779 870 821 sine
905 779 1031 820 dubio
1066 779 1303 827 dilectores,
1337 779 1490 831 quibus
1525 780 1734 821 adtestan-

206 851 321 892 tibus
360 864 539 905 purgare
583 864 648 892 me
693 863 879 904 possum,
925 850 1036 903 quod
1082 850 1258 891 eundem
1306 850 1457 891 librum
1504 850 1584 903 ipsi
1629 852 1732 892 milii

209 922 395 963 dederint
434 926 474 963 et
514 922 571 963 ibi
604 922 683 963 hoc
722 922 887 975 legatur
925 934 1107 974 euinque
1140 921 1301 975 Pelagii
1336 934 1428 962 esse
1463 921 1653 971 dixerint,
1687 925 1736 963 ut

208 992 356 1033 saltem
391 993 469 1034 hoc
496 994 596 1035 mihi
627 993 823 1041 sufficiat,
858 1006 906 1033 ne
941 993 1051 1033 dicat
1087 1006 1109 1033 a
1139 1005 1205 1033 me
1237 992 1369 1033 fuisse
1403 993 1493 1034 siue
1527 993 1734 1045 conscrip-

208 1069 298 1104 tum
333 1065 421 1105 siue
454 1064 667 1106 falsatum.
708 1064 790 1105 iam
825 1064 932 1105 inter
964 1064 1060 1105 illos
1095 1064 1224 1117 eligat
1257 1064 1448 1116 quisque,
1483 1064 1549 1104 cui
1583 1064 1735 1106 credat.

207 1147 347 1175 meum
400 1148 478 1176 non
530 1137 595 1176 est
640 1135 688 1176 de
734 1136 810 1176 hac
855 1147 896 1175 re
942 1135 1103 1175 diutius
1149 1135 1378 1188 disputare.
1423 1148 1636 1188 rogamus,
1687 1137 1736 1176 ut

208 1212 317 1246 certe
356 1206 618 1247 transmittas
663 1207 690 1256 ἦ·
741 1206 835 1249 sibi.
876 1206 911 1246 si
951 1206 1167 1259 negauerit
1207 1219 1250 1246 se
1290 1207 1369 1247 ista
1415 1206 1581 1252 sentire,
1627 1218 1735 1258 quae

208 1277 271 1317 illi
304 1277 543 1318 obiciuntur
579 1277 749 1318 inimica
781 1277 939 1331 gratiae
974 1277 1144 1319 Christi.
1184 1280 1269 1317 tam
1309 1277 1461 1330 quippe
1495 1280 1637 1329 aperta
1671 1280 1736 1318 est

210 1348 300 1389 eius
339 1348 537 1398 defensio,
578 1352 636 1400 ut,
670 1350 704 1391 si
737 1353 923 1390 uestram
968 1350 1157 1390 sanctam
1202 1349 1480 1402 prudentiam,
1527 1348 1597 1401 qui
1643 1349 1734 1389 eius

210 1419 290 1459 alia
323 1420 480 1472 scripta
512 1433 591 1461 non
625 1420 772 1470 nostis,
806 1421 921 1461 nulla
953 1420 1176 1462 uerborum
1213 1420 1489 1474 ambiguitate
1524 1419 1732 1462 fefellerit.

210 1503 361 1544 magno
397 1491 549 1545 gaudio
585 1492 892 1545 gratulabimur
918 1505 996 1532 non
1025 1491 1207 1532 multum
1242 1494 1448 1533 curantes.
1490 1493 1629 1531 utrum
1663 1491 1737 1531 illa

210 1574 407 1613 peruersa
448 1565 489 1603 et
526 1562 653 1615 impia
693 1576 919 1615 numquam
960 1562 1138 1604 senserit
1172 1576 1219 1603 an
1255 1575 1298 1603 se
1333 1563 1381 1603 ab
1417 1562 1475 1604 eis
1510 1562 1735 1615 aliquando

212 1633 444 1674 correxerit.

878 1751 1077 1793 CLXXX.

211 1843 404 1878 DOMINO
437 1844 618 1878 MERITO
653 1844 907 1879 ‹jAltlssmo
940 1845 1000 1879 ET
1034 1845 1086 1879 IN
1119 1844 1309 1880 CHRISTI
1337 1843 1554 1878 MEMssRIs
1582 1842 1737 1877 Hoxo-

383 1903 550 1938 RANDO
577 1903 752 1937 FRATRI
779 1903 973 1938 OCEANO
1001 1903 1306 1939 AUGUSTINFs
1335 1903 1565 1937 SALUTEM.

272 1989 387 2030 Duas
433 1989 574 2040 accepi
619 1989 744 2029 simul
790 1989 994 2042 epistulas
1041 1988 1278 2030 dilectionis
1323 1991 1435 2037 tuae,
1482 2000 1656 2041 quarum
1696 1987 1736 2027 in

212 2072 292 2100 una
325 2059 427 2100 facis
460 2059 606 2100 tertiae
640 2059 892 2100 mentionem
927 2063 968 2100 et
1000 2073 1088 2100 eam
1124 2063 1164 2100 te
1202 2060 1317 2112 prius
1358 2059 1524 2100 misisse
1558 2072 1738 2100 comine-

215 2143 366 2171 moras.
407 2144 530 2183 quam
565 2131 778 2183 accepisse
810 2144 889 2172 non
930 2132 1081 2179 mecm,
1121 2132 1249 2172 immo
1282 2131 1387 2172 bene
1421 2130 1522 2171 mihi
1555 2131 1738 2172 recolere

216 2201 372 2244 uideor.
408 2201 518 2254 quod
552 2214 630 2242 non
666 2202 908 2254 acceperim.
944 2202 992 2243 de
1027 2202 1092 2242 his
1126 2205 1280 2243 tamen.
1321 2215 1425 2254 quas
1465 2201 1619 2254 accepi,
1660 2213 1739 2253 ago

262 2329 283 2362 2
311 2328 445 2362 fatetur
470 2340 539 2362 non
567 2329 606 2361 in
634 2340 705 2362 ras.
740 2329 773 2362 U
796 2340 865 2362 non
893 2332 1050 2362 lateatur
1088 2329 1116 2361 1⁷
1139 2329 1213 2363 lsr
1294 2329 1335 2362 13
1362 2328 1587 2362 transmittas
1615 2328 1683 2372 ipsi
1710 2327 1739 2360 si

215 2399 267 2429 m;
294 2387 407 2421 locum
436 2390 642 2431 corruptum
672 2399 742 2421 ‹ns-se
767 2387 978 2431 siqvaficaui
1056 2389 1094 2421 14
1122 2392 1248 2432 operta
1274 2399 1304 2420 m

585 2504 612 2536 Γ
648 2521 688 2531 ὲ
717 2504 793 2539 cod.
833 2503 1032 2537 Vaticanus
1061 2506 1137 2537 495
1162 2515 1190 2538 s.
1219 2503 1303 2537 XV.

579 2562 612 2597 U
648 2580 690 2591 Σ
718 2563 794 2597 eod.
831 2563 1034 2597 Vaticanus
1062 2565 1139 2597 499
1164 2574 1191 2597 s.
1219 2563 1304 2596 XV.

336 2645 588 2679 Louam'enses
621 2645 717 2679 huuc
747 2646 938 2689 epistulam
974 2645 1013 2679 in
1046 2645 1239 2679 Vaticanis
1271 2645 1537 2689 exemplaribus
1563 2648 1740 2687 repertam

213 2705 328 2748 primi
353 2705 552 2739 ediderunt.

268 2823 312 2855 26
340 2822 382 2854 iis
418 2822 446 2854 1'
471 2821 550 2855 edd.
