1952 3118
21 667 72 709 13

75 967 108 994 10

602 185 955 229 epistularum
995 183 1187 219 CXLVIII.
1572 186 1657 228 343

134 316 260 358 affatu
293 327 367 356 nec
407 314 586 356 sentitur
622 314 818 355 incessu'.
858 314 1010 368 quibus
1049 314 1189 356 uerbis
1227 314 1376 356 beatus
1408 314 1659 356 Ambrosius

134 386 270 428 uoluit
301 386 535 438 admonere,
568 385 666 438 quid
700 385 879 427 debeant
910 386 1100 427 homines
1133 398 1391 439 praeparare,
1431 386 1501 440 qui
1535 386 1657 427 deum

133 457 281 499 uolunt
322 457 481 507 uidere,
526 456 604 498 hoc
648 458 714 497 est
757 468 827 497 cor
870 456 1072 497 mundare
1109 469 1184 509 per
1226 456 1364 507 fidem,
1410 469 1533 509 quae
1576 469 1661 511 per

134 528 455 570 dilectionem
503 530 748 580 operatur,
795 526 900 568 dono
946 527 1122 581 spiritus
1164 528 1312 575 sancti,
1358 527 1467 569 unde
1506 528 1660 582 pignus

133 599 385 653 accepimus.
419 611 500 652 quo
532 598 649 639 illam
681 598 891 639 uisionem
924 598 1158 639 desiderare
1191 598 1447 640 nouerimus.

192 670 299 712 Nam
333 670 382 710 de
414 670 613 711 membris
647 669 727 719 dei,
767 682 872 722 quae
905 669 1074 711 assidue
1108 670 1316 722 scriptura
1348 673 1661 714 commemorat.

134 754 182 783 ne
216 740 438 794 quisquam
477 740 708 782 secundum
748 740 882 782 carnis
920 740 1047 782 huius
1086 740 1264 782 formam
1297 743 1339 782 et
1370 740 1547 795 figuram
1587 755 1661 784 nos

134 825 225 854 esse
263 812 451 854 crederet
487 812 647 854 similes
687 812 778 861 deo,
819 814 1040 866 propterea
1077 811 1222 853 eadem
1261 813 1469 866 scriptura
1501 815 1542 854 et
1574 813 1662 855 alas

132 883 282 924 habere
315 882 441 924 deum
475 883 591 932 dixit,
625 895 728 936 quas
762 895 836 924 nos
870 882 1017 936 utique
1043 895 1122 923 non
1156 882 1372 924 habemus.
1406 882 1518 924 sicut
1549 896 1662 938 ergo,

133 954 218 996 alas
263 966 359 995 cum
405 953 614 1004 audimus,
658 953 964 1006 protectionem
1009 953 1316 1008 intellegimus,
1361 954 1422 996 sic
1467 957 1521 1005 et,
1567 967 1663 996 cum

133 1025 327 1067 audimus
371 1037 534 1074 manus,
586 1025 870 1078 operationem
922 1025 1168 1079 intellegere
1219 1025 1422 1067 debemus
1468 1028 1522 1075 et,
1569 1037 1663 1067 cum

133 1097 328 1138 audimus
378 1096 519 1150 pedes,
569 1096 947 1149 praesentationem
993 1100 1047 1147 et,
1099 1109 1194 1138 cum
1252 1097 1449 1138 audimus
1507 1098 1666 1148 oculos,

134 1166 353 1217 uisionem,
394 1178 476 1220 qua
513 1166 744 1221 cognoscit,
785 1169 838 1217 et,
881 1179 976 1208 cum
1016 1166 1213 1208 audimus
1251 1166 1416 1218 faciem,
1455 1167 1664 1218 notitiam,

135 1251 215 1291 qua
258 1237 503 1286 innotescit3
552 1240 593 1279 et
632 1237 667 1278 si
708 1237 809 1290 quid
849 1237 963 1279 aliud
1002 1237 1147 1279 eadem
1188 1238 1397 1292 scriptura
1432 1239 1517 1280 tale
1556 1250 1665 1280 com-

100 1323 108 1344 ··
134 1311 351 1357 memorat,
372 1311 475 1362 puto
503 1308 749 1362 spiritaliter
774 1308 1106 1363 intellegendum
1131 1321 1265 1362 neque
1292 1309 1370 1351 hoc
1397 1319 1474 1364 ego
1501 1310 1665 1351 tantum

135 1382 207 1422 aut
232 1392 308 1434 ego
335 1379 448 1433 prior
473 1379 546 1421 sed
573 1392 730 1431 omnes,
753 1380 824 1434 qui
851 1380 1148 1434 qualicumque
1176 1380 1357 1434 spiritali
1377 1380 1668 1434 intellegentia

134 1451 338 1492 resistunt
387 1450 461 1501 eis,
513 1450 585 1504 qui
636 1451 686 1493 ob
738 1451 817 1492 hoc
869 1451 1242 1504 anthropomorphi
1291 1452 1571 1493 nominantur.
1621 1464 1668 1493 ex

136 1534 311 1575 quorum
331 1522 487 1564 litteris
508 1535 557 1564 ne
577 1523 714 1564 multa
740 1522 1102 1564 commemorando
1129 1522 1310 1564 maiores
1337 1535 1474 1564 moras
1500 1522 1666 1572 faciam,

135 1593 214 1634 hoc
251 1607 381 1635 unum
421 1594 554 1635 sancti
595 1593 843 1648 Hieronymi
881 1593 1112 1647 interpono,
1150 1596 1199 1634 ut
1235 1593 1399 1635 nouerit
1428 1593 1510 1635 iste
1541 1594 1670 1635 frater

136 1677 214 1706 non
255 1677 299 1706 se
338 1665 387 1706 de
426 1665 503 1707 hac
540 1678 584 1707 re
623 1677 789 1706 mecum
828 1664 965 1719 magis
1006 1677 1130 1718 quam
1171 1677 1266 1706 cum
1303 1664 1513 1718 prioribus
1546 1676 1667 1719 agere

139 1735 299 1786 debere,
335 1736 370 1777 si
405 1735 504 1789 quid
539 1748 635 1777 eum
670 1738 812 1777 contra
843 1737 1078 1789 permouet.

198 1807 303 1849 Cum
336 1819 433 1862 ergo
466 1807 538 1849 ille
570 1807 636 1848 uir
666 1806 708 1848 in
742 1806 963 1859 scripturis
998 1806 1272 1849 doctissimus
1305 1808 1518 1860 psalmum
1550 1818 1667 1860 expo-

139 1881 266 1929 neret,
299 1878 371 1919 ubi
405 1878 566 1919 dictum
606 1880 690 1920 est:
732 1878 1031 1933 Intellegite
1072 1890 1201 1933 ergo,
1242 1878 1326 1932 qui
1364 1878 1668 1932 insipientes

141 1949 263 1991 estis
284 1949 331 1990 in
353 1950 556 2003 populo,
578 1951 626 1991 et
647 1949 798 1990 stulti
820 1949 1090 2002 aliquando
1113 1949 1286 2003 sapite.
1310 1949 1391 2003 qui
1412 1948 1672 2003 plantauit

80 2029 115 2056 2⁵
142 2033 318 2070 aurem,
352 2034 442 2062 non
477 2020 675 2062 audiet‘?
709 2022 807 2070 aut,
843 2020 924 2073 qui
957 2020 1107 2061 finxit
1139 2020 1354 2069 oculum,
1389 2032 1480 2062 non
1515 2019 1670 2062 consi-

141 2091 302 2133 derat?
335 2091 444 2134 inter
470 2095 627 2133 cetera:
659 2092 759 2133 ‘Iste
786 2092 933 2142 locus',
967 2091 1119 2145 inquit,
1147 2091 1365 2133 ‘aduersus
1392 2103 1463 2133 eos
1491 2091 1670 2132 maxime

256 2264 278 2298 4
304 2264 340 2298 Il
367 2264 445 2299 Cor.
473 2266 506 2306 5,
534 2265 571 2306 5;
598 2265 620 2299 8
705 2266 725 2300 8
752 2265 810 2299 Ps.
840 2266 894 2309 16,
922 2266 942 2299 8
1029 2265 1074 2299 23
1100 2265 1157 2300 Ps.
1186 2265 1242 2305 93,
1270 2265 1362 2300 8-9
1453 2265 1497 2299 26
1524 2265 1669 2300 Hieron.

147 2322 241 2357 bren.
268 2324 304 2358 in
331 2324 457 2369 psalm.
484 2325 528 2359 93
556 2324 693 2369 (Migne
718 2324 849 2370 patrol.
876 2324 938 2359 lat.
966 2324 1082 2358 XXVI
1108 2336 1141 2370 p.
1172 2324 1274 2368 1108,
1301 2324 1431 2367 5-22)

191 2429 211 2463 2
239 2429 372 2464 debant
398 2430 502 2473 (εἰσί)
529 2430 563 2464 V
632 2430 760 2465 uolunt
786 2429 891 2464 deum
918 2429 999 2465 edd.
1048 2431 1069 2465 3
1090 2429 1228 2475 uidere]
1256 2429 1440 2474 mundare,
1466 2440 1512 2464 m.
1532 2433 1573 2464 ul
1593 2429 1670 2464 uid.

145 2491 163 2522 1
177 2499 266 2523 corr.
287 2488 409 2523 uidere
424 2489 475 2523 Ρι
524 2490 546 2523 8
562 2489 651 2523 alias
666 2490 700 2523 A
751 2489 792 2523 11
810 2488 1152 2524 manus—audimus
1173 2499 1240 2524 om.
1255 2489 1332 2524 RV
1382 2490 1424 2524 13
1446 2488 1674 2533 cognoscitur

143 2547 269 2582 P¹TV
352 2548 395 2583 14
420 2548 589 2589 notescit,
613 2559 658 2583 m.
685 2551 705 2582 1
733 2559 824 2583 corr.
852 2549 1048 2582 innotescit
1072 2548 1112 2582 F
1134 2549 1332 2593 ignotescit
1356 2548 1392 2583 R
1480 2549 1521 2582 16
1549 2547 1672 2592 quale-

144 2618 291 2652 cumque
317 2608 350 2641 A
476 2608 515 2642 17
544 2607 588 2642 ob
614 2608 655 2642 in
674 2607 754 2652 fine
777 2619 814 2643 u.
841 2618 910 2642 om.
936 2607 973 2642 R
1117 2606 1390 2653 anthromorphi
1417 2607 1451 2641 A
1478 2606 1675 2651 anthropo-

144 2666 343 2712 morphitae
369 2666 447 2701 edd.
470 2670 619 2711 praeter
645 2678 668 2700 α
785 2667 828 2701 18
855 2678 943 2710 mas,
968 2677 1012 2701 m.
1041 2669 1177 2714 1‘corr.
1203 2677 1321 2700 moras
1347 2666 1396 2700 Pl
1512 2665 1558 2700 20
1584 2666 1671 2711 non]

145 2736 188 2760 ne
220 2725 252 2759 V
345 2727 498 2771 mecum]
525 2737 580 2760 me
607 2726 677 2760 ΓΑ
773 2730 857 2770 post
881 2725 997 2771 magis
1022 2736 1096 2761 ras.
1124 2727 1220 2760 1--2
1239 2726 1262 2760 l.
1283 2725 1322 2759 F
1391 2726 1433 2760 21
1463 2724 1549 2770 quid
1577 2725 1672 2770 eum]

147 2783 288 2828 quidem
315 2784 354 2818 F
422 2785 467 2819 22
496 2786 564 2819 iste
590 2784 681 2819 P¹V
750 2786 795 2820 26
823 2785 943 2830 inquit
967 2796 1048 2828 om.‚
1074 2796 1118 2820 m.
1148 2787 1173 2819 2
1197 2785 1238 2819 in
1263 2794 1375 2829 mary.
1404 2783 1489 2820 add.
1517 2783 1564 2818 Ρι
