1952 3118
592 189 943 234 epistularum
983 187 1176 224 CXLVIII.
1560 192 1647 233 335

121 319 271 360 habeat
308 319 526 361 lenitatem
563 319 603 360 in
645 318 777 360 (landa
816 319 950 368 uenia,
993 331 1115 372 quarn
1156 331 1232 373 ego
1274 319 1313 360 in
1354 319 1427 360 illa
1465 320 1647 374 epistula

122 389 418 431 conscribenda
457 402 536 431 non
576 389 717 430 habui.
756 389 835 430 hoc
870 402 941 442 per
972 392 1087 431 tuam
1122 390 1339 431 caritatem
1380 403 1494 445 rogo,
1537 390 1649 444 quod

121 472 315 514 praesens
341 463 604 513 praesentem
630 473 777 515 rogare
804 460 1035 502 nolueram.
1065 460 1099 501 si
1127 460 1218 501 eius
1246 461 1441 502 haberem
1470 462 1648 515 copiam.

121 531 231 585 quod
270 544 362 573 cum
404 534 578 573 conatus
618 543 768 573 essem.
814 531 1023 572 scribente
1063 531 1112 571 ad
1152 543 1246 572 eum
1286 531 1378 573 uiro
1416 532 1649 573 uenerabili

81 602 325 655 esnobisque
370 602 564 644 omnibus
607 602 762 643 honore
812 601 1082 655 praeferendo
1132 602 1275 643 uenire
1319 602 1457 643 noluit
1505 602 1648 644 dolum

120 673 291 714 forsitan
318 685 474 722 meum,
501 673 611 714 sicut
637 673 835 726 pleraque
862 673 1045 713 humana
1071 675 1183 721 sunt,
1211 675 1413 725 quantum
1441 673 1650 722 existimo,

121 745 374 797 suspicatus.
402 757 425 785 a
451 757 532 797 quo
565 757 631 785 me
664 744 789 798 longe
822 744 970 785 abesse
1003 746 1050 785 tu
1077 744 1139 784 illi
1171 744 1237 785 fac
1270 743 1409 796 fidem,
1445 746 1647 798 quantum

118 818 252 868 potes.
293 815 364 868 qui
400 828 595 868 praesens
634 815 801 857 facilius
840 818 975 869 potes.
1014 815 1153 856 indica
1194 815 1245 858 ei.
1286 828 1380 856 cum
1421 817 1574 869 quanto
1609 817 1649 856 et

119 898 242 939 quam
288 898 386 926 uero
432 885 573 927 dolore
618 885 667 927 de
714 885 940 927 offensione
992 885 1118 926 animi
1165 885 1255 926 eius
1306 888 1448 927 tecum
1498 885 1649 926 fuerim

62 974 93 997 n·
121 957 382 999 conlocutus,
421 957 600 1005 nouerit,
646 968 767 1010 quam
808 969 887 997 non
929 969 1025 997 eum
1066 958 1329 997 contemnam
1369 958 1412 997 et
1449 958 1650 1010 quantum

120 1028 159 1069 in
200 1027 273 1068 illo
320 1027 444 1068 deum
488 1027 661 1068 timeam
707 1030 748 1069 et
792 1028 974 1082 cogitem
1023 1030 1150 1081 caput
1194 1030 1401 1074 nostrum,
1445 1028 1486 1069 in
1529 1027 1652 1069 cuius

121 1110 292 1151 corpore
329 1097 479 1138 fratres
521 1110 680 1139 sumus.
718 1097 768 1139 ad
808 1098 963 1140 locum.
1002 1097 1043 1138 in
1078 1111 1160 1151 quo
1199 1098 1375 1147 habitat,
1414 1098 1507 1139 ideo
1546 1098 1650 1138 mihi

119 1182 198 1211 non
219 1168 367 1222 putaui
388 1180 481 1209 esse
501 1168 769 1217 ueniendum,
791 1180 841 1208 ne
863 1168 1152 1221 spectaculum
1175 1168 1407 1210 faceremus
1428 1169 1647 1210 ridendum

121 1239 281 1282 alienis.
320 1240 474 1280 nostris
507 1238 746 1283 dolendum.
787 1239 906 1280 nobis
939 1238 1200 1292 pudendum.
1239 1252 1313 1293 per
1349 1243 1466 1281 tuam
1501 1239 1651 1281 sancti·

63 1328 96 1352 ιε»
120 1313 250 1352 tatem
291 1313 331 1352 et
370 1310 587 1351 caritatem
632 1313 770 1352 totum
817 1313 931 1352 recte
977 1311 1044 1365 agi
1089 1312 1248 1364 potest:
1296 1311 1346 1352 ab
1385 1311 1458 1353 illo
1497 1311 1653 1364 quippe

125 1381 277 1436 agitur,
311 1381 380 1433 qui
413 1393 488 1434 per
518 1380 642 1422 fidem
675 1393 795 1422 suam
828 1381 992 1422 habitat
1017 1380 1058 1421 in
1094 1380 1216 1422 corde
1248 1384 1336 1432 tuo,
1371 1394 1494 1435 quem
1529 1380 1652 1422 credo

125 1452 236 1506 quod
269 1463 347 1492 non
382 1452 542 1505 spernit
573 1452 613 1492 in
646 1454 701 1492 te.
735 1464 831 1492 cum
864 1451 1055 1505 agnoscit
1087 1451 1128 1492 in
1163 1464 1218 1493 se.

0 1566 1 1569 Ἴ
42 1521 66 1561 5
186 1523 273 1577 Ego
306 1525 418 1564 certe
448 1523 488 1563 in
522 1523 599 1564 hac
632 1535 772 1571 causa,
813 1522 912 1576 quid
952 1522 1105 1563 melius
1143 1522 1338 1564 facerem.
1377 1535 1458 1564 non
1496 1522 1653 1563 inueni.

0 1583 3 1629 1
128 1606 252 1647 quam
284 1596 333 1634 ut
364 1593 529 1634 ueniam
567 1595 750 1646 peterem
785 1605 809 1633 a
839 1593 980 1638 fratre.
1022 1593 1093 1645 qui
1131 1593 1295 1634 laesum
1336 1606 1380 1634 se
1416 1593 1651 1634 litterarum

70 1677 312 1709 ‹20mearum
351 1664 578 1717 asperitate
617 1665 872 1716 conquestus
911 1666 988 1705 est.
1033 1663 1160 1705 faciet
1197 1668 1238 1705 et
1274 1664 1380 1716 ipse,
1426 1667 1474 1705 ut
1518 1676 1652 1717 spero.

130 1735 239 1788 quod
279 1735 360 1776 sibi
398 1735 591 1789 imperari
630 1735 752 1776 nouit
790 1734 840 1775 ab
880 1747 941 1783 eo,
985 1735 1057 1787 qui
1094 1747 1169 1787 per
1205 1735 1445 1789 apostolum
1475 1735 1656 1788 loquens

131 1807 207 1847 ait:
236 1807 488 1848 Donantes
516 1806 770 1848 nobismet
796 1806 940 1859 ipsis.
964 1806 1005 1847 si
1027 1806 1137 1859 quis
1166 1805 1410 1848 aduersus
1438 1806 1653 1859 aliquem

131 1877 279 1919 habet
329 1877 595 1930 querelam,
649 1877 781 1918 sicut
825 1879 873 1917 et
924 1876 1044 1917 (leus
1095 1877 1141 1917 in
1195 1876 1397 1918 Christo
1450 1876 1658 1918 donauit

132 1949 289 1990 uobis.
330 1950 493 1990 estote
534 1961 647 2002 ergo
687 1947 974 1989 imitatores
1009 1947 1085 1988 dei
1125 1947 1259 1988 sicut
1297 1947 1400 1988 filii
1434 1947 1658 1989 dilectis-

76 2037 109 2063 25
134 2019 245 2060 simi
274 2022 321 2060 et
355 2019 607 2061 ambulate
634 2019 678 2060 in
709 2019 939 2069 caritate,
974 2019 1108 2060 sicut
1140 2021 1187 2060 et
1214 2017 1447 2060 Christus
1481 2018 1660 2059 dilexit

254 2125 293 2158 11
324 2123 398 2159 Col.
428 2125 458 2163 1,
487 2124 529 2158 18
641 2124 683 2158 16
709 2123 802 2171 Eph.
829 2124 860 2166 3,
890 2123 932 2158 17
1037 2123 1081 2157 22
1108 2122 1184 2159 Col.
1211 2123 1244 2167 3,
1273 2123 1334 2164 13;
1362 2123 1405 2157 cf.
1431 2122 1524 2167 Eph.
1552 2124 1586 2163 4,
1614 2123 1661 2157 3⁶2

135 2183 180 2217 24
204 2183 296 2229 Eph.
323 2185 356 2226 ἴ),
385 2184 475 2218 1-2

184 2254 199 2288 1
229 2265 296 2288 non
325 2254 433 2287 habui
461 2255 495 2288 in
522 2254 584 2288 illa
611 2254 764 2298 epistola
791 2252 1050 2287 conscribenda
1071 2252 1106 2287 R
1132 2251 1210 2287 edd.
1262 2254 1283 2286 4
1305 2264 1382 2286 esse
1407 2252 1466 2296 (m.
1489 2254 1514 2286 2
1534 2259 1664 2286 esseni)

137 2312 313 2346 scribente
339 2312 387 2346 1²¹
414 2323 490 2347 esse
516 2312 733 2347 inscribente
775 2310 804 2345 V
944 2312 964 2345 6
992 2313 1125 2356 meum}
1153 2311 1188 2345 in
1217 2322 1296 2345 eum
1322 2311 1358 2346 R
1383 2322 1416 2345 m
1443 2321 1579 2345 mecum
1609 2322 1629 2343 α
1647 2322 1663 2341 ι’

184 2371 356 2416 pluraque
389 2371 421 2404 V
490 2371 605 2406 huma*
624 2399 631 2411 ,
658 2383 703 2406 m.
732 2374 757 2404 2
781 2371 938 2404 humana
957 2371 991 2404 A
1043 2371 1061 2404 7
1089 2369 1233 2403 abesset
1258 2369 1329 2404 ΡΑ
1379 2370 1400 2403 ὅ
1428 2370 1502 2414 qui}
1527 2369 1612 2414 quia
1632 2370 1668 2403 Ρ

138 2431 160 2465 9
186 2430 305 2465 dolere
331 2431 365 2464 A
462 2432 600 2465 animae
626 2429 749 2469 FAP.
820 2430 863 2464 10
890 2441 966 2463 eam
994 2431 1027 2463 A
1123 2430 1165 2463 13
1192 2429 1318 2474 putaui
1344 2439 1414 2462 non
1442 2428 1520 2463 edd.
1620 2440 1664 2462 nv

141 2490 404 2535 expectaculum
432 2489 468 2524 R
542 2490 585 2524 14
611 2488 809 2534 putendum
837 2490 870 2523 A
969 2490 1046 2534 per}
1072 2488 1129 2523 uel
1159 2499 1221 2532 per
1248 2487 1281 2520 V
1346 2488 1388 2522 15
1415 2494 1451 2521 et
1478 2487 1664 2521 caritatem

141 2559 205 2583 om.
233 2548 268 2582 P
365 2549 407 2582 16
433 2549 549 2593 suam]
573 2551 672 2582 tuam
699 2548 735 2582 A
836 2549 877 2581 18
904 2547 1020 2581 facere
1047 2546 1086 2581 F
1181 2547 1224 2581 19
1252 2545 1325 2590 qui]
1353 2557 1455 2590 quem
1483 2546 1522 2579 F
1628 2557 1665 2579 se

141 2607 274 2641 laesum
299 2606 392 2640 P¹V
457 2608 502 2641 20
528 2609 744 2651 conquestus
771 2606 839 2651 est]
868 2610 1158 2650 conquestassem
1187 2604 1249 2638 F*
1289 2605 1330 2638 ⁴21
1360 2604 1526 2649 imperari
1554 2607 1665 2648 (post.

142 2676 159 2699 r
187 2676 231 2700 ex
260 2676 333 2700 ras.
366 2670 398 2700 et
430 2677 541 2708 corr.,·
562 2667 684 2710 fuisse
713 2665 789 2700 uid.
819 2666 855 2699 ul
889 2665 921 2699 T
949 2666 1123 2717 imperare
1149 2663 1219 2698 FA
1342 2664 1387 2697 23
1420 2663 1469 2707 in]
1506 2667 1542 2697 et
1570 2665 1605 2697 in
1632 2662 1674 2696 F

143 2725 187 2758 24
213 2725 314 2759 uobis
339 2727 460 2769 (super
484 2736 506 2758 u
534 2736 578 2760 m.
606 2727 631 2758 2
655 2725 671 2758 l
696 2728 731 2765 n)
759 2725 793 2758 Ρ
815 2723 918 2758 nobis
944 2722 1179 2759 FARP¹TV
1280 2722 1329 2756 fili
1356 2720 1405 2755 P¹
1502 2722 1547 2755 25
1575 2722 1666 2756 cari-

143 2783 231 2828 tate]
260 2783 451 2818 dilectione
484 2783 515 2817 T
