1952 3118
93 964 124 989 10

3 1301 127 1345 '1615

96 1676 130 1702 20

621 184 974 228 epistularum
1016 184 1205 220 CXLVIII.
1591 187 1676 228 345

152 313 319 366 scriptis
352 312 569 366 inprobare
602 315 727 366 atque
765 326 974 367 respuere.
1015 315 1050 355 si
1083 314 1188 356 sorte
1226 314 1527 364 inumerimus,
1567 314 1679 368 quod

151 383 273 425 aliter
309 384 529 434 senserint,
570 396 692 437 quam
731 384 889 426 ueritas
928 385 1054 426 habet
1092 385 1232 426 diuino
1273 385 1480 427 adiutorio
1518 385 1589 427 uel
1626 385 1677 427 ab

151 454 243 496 aliis
276 454 493 496 intellecta
523 455 644 496 uela
669 455 803 497 nobis.
838 455 935 497 talis
970 468 1048 510 ego
1082 469 1173 497 sum
1208 456 1248 497 in
1283 456 1451 510 scriptis
1486 456 1678 506 aliorum,

150 525 255 567 tales
289 526 385 567 uolo
419 538 511 567 esse
543 526 829 568 intellectores
856 539 1063 568 meorum.
1096 526 1274 580 denique
1301 527 1341 568 in
1369 527 1434 568 his
1469 527 1677 576 omnibus,

151 608 255 650 quae
288 596 337 637 de
377 597 594 650 opusculis
634 601 875 639 sanctorum
915 600 1040 651 atque
1079 597 1299 639 doctorum
1339 598 1679 647 commemoraui,

149 664 375 714 Ambrosii,
413 668 671 722 Hieronymi,
710 668 942 715 Athanasii,
984 668 1192 723 Gregorii,
1232 672 1274 710 et
1314 669 1350 710 si
1383 682 1463 722 qua
1501 669 1678 710 aliorum

149 738 252 779 talia
289 739 427 792 legere
465 739 598 792 potui,
639 752 745 792 quae
778 752 1104 781 commemorare
1136 740 1308 794 longum
1349 739 1511 793 putaui,
1554 739 1677 781 deum
1724 767 1726 769 »

149 821 229 850 non
263 821 354 850 esse
388 821 538 863 corpus
571 822 646 851 nec
673 810 829 852 formae
857 810 1063 852 humanae
1089 810 1242 852 habere
1268 810 1457 851 membra
1480 823 1555 851 nec
1584 823 1679 851 eum

150 892 242 921 esse
274 893 347 933 per
376 881 564 922 locorum
598 881 735 935 spatia
761 881 1017 922 diuisibilem
1045 884 1087 922 et
1113 894 1204 922 esse
1230 884 1377 922 natura
1402 881 1679 922 incommuta-

149 950 292 992 biliter
322 951 579 992 inuisibilem
608 964 684 993 nec
709 964 782 1004 per
809 951 982 993 eandem
1014 955 1205 993 naturam
1239 955 1364 1005 atque
1398 948 1679 994 substantiam

151 1021 225 1063 sed
256 1022 481 1075 adsumpta
512 1022 672 1064 uisibili
705 1023 857 1077 specie,
892 1023 1004 1064 sicut
1035 1023 1186 1073 uoluit,
1227 1024 1486 1077 apparuisse,
1526 1023 1679 1076 quibus

151 1093 356 1147 apparuit,
383 1093 548 1146 quando
575 1107 647 1147 per
673 1094 858 1147 corporis
887 1095 1031 1136 oculos
1057 1095 1097 1136 in
1127 1095 1347 1149 scripturis
1376 1095 1531 1136 sanctis
1559 1095 1679 1136 uisus

151 1176 242 1206 esse
269 1167 468 1214 narratur,
495 1165 536 1205 in
559 1165 765 1207 adiutorio
793 1165 949 1207 domini
976 1166 1224 1207 inconcusse
1245 1166 1367 1207 credo
1396 1169 1449 1215 et,
1478 1167 1679 1218 quantum

150 1235 240 1288 ipse
273 1235 412 1283 donat,
445 1236 661 1291 intellego.

210 1305 272 1347 De
299 1306 479 1360 spiritali
505 1309 646 1349 autem
673 1320 855 1361 corpore,
881 1308 994 1360 quod
1019 1308 1060 1349 in
1087 1308 1391 1350 resurrectione
1416 1307 1681 1356 habebimus,

153 1379 352 1430 quantam
384 1378 522 1431 capiat
547 1379 586 1419 in
621 1379 774 1420 melius
808 1379 1196 1427 commutationem,
1229 1383 1373 1420 utrum
1404 1379 1445 1420 in
1479 1378 1682 1432 simplici-

153 1450 283 1490 tatem
310 1449 485 1503 spiritus
514 1450 648 1500 cedat,
677 1452 724 1490 ut
750 1451 866 1492 totus
893 1451 1019 1492 homo
1045 1450 1128 1491 iam
1159 1450 1333 1504 spiritus
1368 1450 1437 1499 sit,
1471 1462 1534 1500 an,
1570 1449 1682 1503 quod

154 1520 289 1574 magis
327 1522 445 1573 puto,
485 1520 558 1562 sed
590 1520 775 1562 nondum
814 1521 935 1574 plena
967 1521 1122 1562 fiducia
1154 1521 1366 1571 confirmo,
1399 1521 1459 1562 ita
1490 1521 1680 1562 futurum

155 1592 212 1634 sit
237 1591 423 1646 spiritale
452 1604 618 1646 corpus,
644 1594 692 1633 ut
715 1596 887 1646 propter
912 1592 1119 1645 quandam
1152 1592 1406 1634 ineffabilem
1435 1591 1679 1633 facilitatem

155 1664 342 1718 spiritale
383 1663 560 1711 dicatur,
600 1667 741 1705 seruet
772 1666 911 1705 tamen
945 1664 1228 1705 substantiam
1263 1663 1534 1717 corporalem.
1577 1675 1682 1716 quae

154 1749 228 1789 per
259 1748 303 1777 se
335 1735 469 1789 ipsam
504 1735 649 1776 uiuere
682 1748 728 1776 ac
762 1735 918 1777 sentire
950 1748 1030 1776 non
1063 1735 1201 1788 possit
1233 1734 1306 1776 sed
1337 1746 1411 1788 per
1441 1734 1576 1784 illum,
1611 1734 1683 1788 qui

156 1819 203 1848 ea
227 1807 375 1848 utitur.
402 1806 597 1860 spiritum
625 1830 681 1836 —
708 1818 842 1859 neque
869 1805 978 1847 enim
1007 1810 1048 1847 et
1073 1819 1197 1854 nunc,
1225 1805 1323 1859 quia
1349 1818 1501 1860 corpus
1529 1805 1685 1847 dicitur

157 1878 347 1920 animale.
383 1877 525 1918 eadem
555 1879 621 1919 est
645 1877 806 1918 animae
832 1879 982 1918 natura
1008 1890 1113 1930 quae
1141 1877 1325 1930 corporis
1353 1901 1423 1926 —-‚
1452 1880 1493 1918 et
1526 1878 1683 1926 utrum,

158 1949 193 1989 si
220 1948 407 2002 corporis
433 1948 628 2002 quamuis
654 1947 738 1989 iam
758 1948 995 1990 inmortalis
1023 1951 1149 2001 atque
1176 1947 1507 2001 incorruptibilis
1534 1949 1683 1988 natura

157 2020 405 2070 seruabitur,
455 2019 627 2060 adiuuet
670 2022 772 2060 tunc
823 2019 983 2072 aliquid
1028 2019 1225 2072 spiritum
1271 2019 1322 2060 ad
1366 2018 1547 2059 uidenda
1591 2017 1683 2071 ipsa

155 2090 353 2138 uisibilia‚
393 2090 434 2131 id
479 2094 544 2131 est
587 2090 830 2143 corporalia,
877 2090 988 2131 sicut
1032 2103 1142 2131 nunc
1185 2090 1270 2132 tale
1303 2089 1461 2143 aliquid
1494 2088 1576 2130 nisi
1610 2101 1683 2142 per

204 2251 224 2285 2
252 2251 309 2286 uel
336 2263 356 2285 a
382 2251 484 2285 nobis
510 2251 699 2285 intellecta
725 2250 783 2285 uel
810 2250 853 2285 ab
881 2251 962 2285 aliis
993 2250 1026 2285 T
1091 2252 1112 2286 3
1139 2251 1282 2296 scriptis
1310 2262 1381 2287 ras.
1410 2254 1442 2286 et
1468 2262 1558 2286 corr.
1588 2262 1630 2285 m.
1659 2252 1685 2284 2

157 2321 200 2344 ex
224 2310 409 2355 scripturis
436 2309 486 2343 1²²
559 2310 581 2344 4
607 2310 781 2354 meorum]
808 2310 844 2344 in
871 2320 990 2344 eorum
1017 2310 1089 2344 ΡΑ
1163 2310 1213 2355 in]
1242 2313 1279 2344 et
1304 2310 1414 2344 FAP
1490 2310 1534 2343 iis
1552 2310 1682 2353 flrm

159 2369 178 2402 7
204 2379 480 2403 commemorare
504 2368 651 2414 longum
679 2369 821 2413 putaui]
847 2369 1123 2403 commemoraui
1150 2369 1186 2403 P
1286 2369 1407 2414 logum
1440 2369 1472 2402 Τ
1573 2370 1593 2402 9
1620 2380 1682 2402 na·

158 2432 254 2462 tura·
273 2428 312 2462 F
433 2428 471 2463 11
502 2429 730 2474 apparuisse*
755 2428 850 2472 (fuit
877 2432 906 2470 t)
933 2429 967 2462 A
1114 2428 1259 2473 quibus]
1285 2428 1341 2462 his
1368 2428 1498 2472 quibus
1525 2426 1614 2460 P¹V
1638 2427 1682 2460 iis

160 2487 287 2532 quibus
306 2488 436 2532 flrm
536 2488 578 2521 12
606 2498 668 2532 per
694 2488 852 2532 corporis
879 2487 1018 2532 oculos]
1046 2498 1109 2532 per
1135 2498 1325 2532 corporeos
1352 2486 1474 2520 oculos
1499 2486 1534 2519 P
1559 2496 1681 2530 corpo-

160 2546 228 2580 reis
254 2546 366 2581 oculis
391 2547 426 2580 A
515 2547 558 2580 15
584 2547 619 2581 in
647 2547 906 2581 resurrectione
933 2547 992 2591 (ω
1019 2557 1111 2581 eras.
1139 2546 1233 2590 uid.)
1258 2547 1293 2580 P
1380 2544 1421 2579 1ss
1448 2546 1483 2578 in
1511 2544 1683 2589 simplici-

158 2607 235 2639 tate
260 2604 349 2640 P¹V
435 2605 477 2640 19
504 2606 722 2640 ineffabilem
750 2605 929 2652 quandam
957 2606 1036 2641 edd.
1116 2607 1163 2642 20
1190 2607 1251 2651 qui
1277 2605 1348 2640 FA
1423 2604 1464 2638 21
1494 2605 1549 2648 ac]
1578 2615 1622 2638 an
1649 2605 1684 2638 A

159 2662 204 2697 22
231 2665 322 2698 enim
351 2666 401 2709 et]
430 2665 522 2699 enirn
551 2665 611 2710 qui
638 2668 674 2700 et
700 2666 735 2700 R
820 2666 865 2699 23
892 2668 1040 2700 naturae
1066 2665 1103 2700 F
1201 2664 1306 2710 q‘uae]
1333 2666 1410 2708 atq;
1439 2664 1475 2698 P
1557 2664 1602 2697 25
1630 2663 1683 2696 ui-

161 2721 312 2757 dendum
339 2722 429 2757 P¹V
451 2723 529 2757 edd.
628 2723 673 2756 26
700 2724 760 2765 sic,
786 2724 850 2758 sed
875 2735 892 2758 c
918 2734 990 2758 ras.
1018 2710 1064 2758 eae'
1086 2725 1181 2758 1-2
1206 2723 1229 2760 l.
1256 2725 1314 2768 (fv
1343 2734 1386 2758 m.
1413 2725 1453 2756 ut
1479 2721 1556 2757 uid.
1583 2724 1620 2765 1;
1644 2723 1685 2755 in

162 2791 272 2825 mary.
300 2793 344 2816 m.
371 2784 396 2815 2
422 2782 530 2825 sicut)
563 2782 595 2816 T
