1952 3118
744 158 765 184 A

268 160 351 200 24ss
744 179 777 191 a.
816 157 1000 191 Aureli
1039 157 1327 201 Augustini

266 286 381 338 ipsos
410 285 600 326 dixerunt
624 288 664 325 et
683 284 979 335 recitauerunt.
1002 285 1132 339 gratis
1161 285 1279 326 nobis
1308 285 1443 326 omnia
1471 287 1796 339 praestiterunt?

266 359 337 397 aut
371 358 495 397 certe.
525 356 558 397 si
592 358 810 408 propterea
845 356 1003 405 dicunt,
1037 356 1147 409 quod
1180 369 1254 397 nos
1288 356 1480 398 uicerint.
1516 359 1613 410 quia
1644 359 1796 401 melius

267 429 439 481 egerunt
479 439 647 467 causam
685 426 909 468 Caeciliani
949 439 1074 480 quam
1108 440 1197 476 nos.
1231 427 1308 468 hoc
1342 429 1465 481 plane
1506 429 1660 470 credite
1693 430 1795 477 illis;

266 511 340 539 nos
381 498 487 539 enim
531 497 633 538 duas
673 498 875 538 lectiones
915 511 988 550 pro
1027 498 1100 539 illo
1141 498 1334 539 sufficere
1378 500 1694 550 putamramus,
1733 501 1797 542 illi

266 571 405 610 autem
440 571 639 622 quattuor
663 569 940 622 protulerunt.

326 640 407 682 Sed
435 640 534 694 quid
561 641 754 693 pluribus
781 640 943 681 litteras
973 642 1221 682 oneremus?
1251 640 1285 682 si
1313 641 1445 681 uultis
1474 642 1593 682 nobis
1616 642 1795 689 credere,

266 712 421 753 credite
461 714 501 753 et
539 715 759 753 teneamus
797 711 951 764 pariter
988 711 1207 761 unitatem.
1248 725 1371 765 quan]
1409 713 1527 754 iubet
1572 716 1612 754 et
1658 714 1798 768 diligit

266 784 383 824 fleus.
413 783 446 825 si
475 785 613 825 autem
649 783 769 823 nobis
803 796 884 824 non
917 783 1050 823 uultis
1085 782 1264 833 credere,
1292 785 1411 837 gesta
1437 784 1529 837 ipsa
1555 785 1683 840 legite
1711 789 1796 838 aut,

264 855 386 896 uobis
420 857 467 896 ut
499 856 706 908 legantun
735 853 945 894 admittite
980 855 1034 904 et,
1068 866 1117 894 an
1151 866 1250 894 uera
1277 854 1374 904 sint,
1402 868 1506 907 quae
1535 855 1797 909 scripsimus,

263 926 344 979 ipsi
389 926 511 967 uobis
557 925 742 978 probate.
790 925 825 965 si
871 926 1009 965 autem
1056 924 1161 965 nihil
1205 925 1354 966 horum
1399 926 1535 967 facere
1578 927 1711 968 uultis
1758 930 1797 969 et

264 996 613 1038 manifestissima
658 995 836 1036 ueritate
890 995 1127 1036 conuictam
1183 996 1314 1048 partis
1359 995 1513 1037 Donati
1569 997 1798 1039 falsitatem

264 1068 400 1109 adhuc
434 1068 553 1121 sequi
587 1067 849 1115 desideratis.
882 1065 1029 1107 mundi
1063 1079 1210 1107 sumus
1238 1079 1259 1107 a
1286 1079 1418 1120 poena
1450 1070 1604 1120 uestra,
1633 1069 1797 1121 quando

264 1152 340 1180 uos
381 1151 471 1180 sero
511 1140 657 1192 postea
696 1137 940 1191 paenitebit.
976 1138 1011 1178 si
1043 1150 1143 1178 uero
1183 1137 1239 1178 id.
1275 1138 1386 1190 quod
1424 1139 1546 1180 uobis
1585 1140 1797 1191 praestitit

265 1210 381 1250 deus.
410 1223 489 1251 non
525 1209 865 1262 contempseritis
894 1211 936 1250 et
960 1211 1058 1262 post
1091 1222 1260 1250 causam
1287 1212 1373 1250 tam
1408 1210 1631 1264 diligenter
1662 1214 1797 1252 actam

266 1284 305 1322 et
356 1283 441 1322 tam
502 1281 724 1336 diligenter
779 1280 1091 1321 manifestatam
1148 1293 1389 1333 peruersam
1449 1282 1795 1323 consuetudinem

262 1352 545 1405 relinquentes
591 1352 683 1406 paci
723 1351 880 1393 Christi
925 1354 966 1392 et
1009 1351 1160 1392 unitati
1208 1352 1516 1394 consenseritis.
1564 1352 1612 1393 de
1656 1355 1797 1394 uestra

264 1424 519 1465 correctione
547 1423 826 1477 gaudebimus
849 1426 889 1463 et
908 1426 1168 1464 sacramenta.
1190 1422 1358 1473 Christi,
1382 1436 1486 1476 quae
1514 1424 1553 1464 in
1576 1424 1796 1478 sacrilegio

264 1495 505 1536 schismatis
540 1495 589 1535 ad
621 1495 827 1536 iudicium
860 1494 1040 1538 habetis.
1067 1494 1190 1535 utilia
1223 1496 1264 1535 et
1290 1495 1475 1536 salubria
1506 1495 1627 1536 uobis
1663 1499 1795 1537 erunt.

265 1579 360 1607 cum
386 1567 426 1607 in
456 1567 661 1608 catholica
693 1579 795 1620 pace
822 1566 1054 1607 habueritis
1090 1568 1216 1619 caput
1250 1566 1479 1608 Christum.
1510 1567 1579 1607 ubi
1613 1567 1794 1608 caritas

265 1639 493 1691 cooperit
524 1638 905 1679 multitudinem
939 1639 1272 1691 peccatorum.

322 1710 437 1750 Haec
471 1709 521 1750 ad
557 1722 632 1750 uos
666 1710 913 1763 scripsimus
942 1709 1087 1750 XVIII
1113 1708 1206 1749 Kal.
1234 1709 1363 1750 Iulias
1391 1709 1582 1762 piissimo
1610 1710 1795 1750 Honorio

262 1780 456 1834 Augusto
485 1780 608 1821 VIIII
635 1792 764 1829 cons..
792 1782 852 1830 ut,
881 1780 1045 1832 quando
1079 1782 1270 1832 possunt.
1299 1779 1349 1819 ad
1384 1792 1572 1832 quosque
1605 1782 1794 1820 uestrum

262 1852 370 1893 istae
402 1851 568 1892 litterae
600 1851 878 1904 peruenirent.

385 1991 426 2024 19
453 1991 544 2036 Eph.
572 1992 606 2030 4,
636 1992 695 2032 1:33
724 1992 755 2031 5,
784 1992 845 2026 ⁵23:
875 1990 950 2025 Col.
980 1991 1010 2029 1,
1041 1990 1083 2024 18
1182 1989 1199 2023 Ι
1226 1989 1322 2023 Pctr.
1349 1991 1381 2029 4,
1410 1990 1429 2017 Q

314 2074 328 2106 1
360 2074 478 2107 omnia
505 2073 608 2106 nobis
635 2073 671 2108 R
745 2074 765 2106 3
795 2072 939 2107 creditis
967 2072 1084 2106 MFA
1182 2071 1236 2105 illi
1262 2073 1297 2105 A
1389 2073 1409 2105 4
1438 2083 1520 2106 non.
1548 2083 1592 2104 m.
1621 2074 1645 2105 :2
1670 2083 1734 2105 nos
1763 2071 1796 2104 P

311 2144 373 2177 pro
400 2133 464 2167 illa
490 2133 538 2166 M
586 2136 605 2165 (3
632 2133 784 2173 litteras.
814 2144 855 2165 m.
885 2135 903 2165 1
931 2142 1021 2166 corr.
1050 2131 1184 2165 litteris
1211 2131 1250 2165 F
1272 2131 1404 2165 litteris
1431 2132 1464 2164 A
1493 2131 1571 2166 edd.
1593 2135 1742 2175 praeter
1762 2142 1790 2163 m

311 2203 500 2226 oneramus
526 2204 558 2225 m
648 2194 666 2226 7
694 2192 869 2225 unitatem
897 2207 964 2224 *μ’*
994 2203 1100 2235 quam
1125 2191 1161 2224 1>
1247 2192 1266 2224 9
1294 2193 1334 2224 ut
1360 2191 1463 2224 uobis
1490 2190 1524 2224 R
1623 2190 1793 2230 amittite,

262 2263 306 2286 m.
336 2254 360 2286 :2
387 2251 572 2287 admittite
598 2251 681 2286 PP1
781 2253 864 2285 sunt
890 2252 925 2284 A
1026 2251 1068 2285 10
1096 2251 1164 2295 ipsi
1193 2250 1307 2286 uobis.
1334 2251 1449 2295 siquis
1476 2260 1567 2284 corr.
1596 2249 1698 2283 uobis
1726 2249 1794 2293 ipsi

261 2309 310 2344 Ρ1
338 2310 440 2344 uobis
468 2311 537 2355 ipsi
565 2311 643 2344 edd.
666 2314 856 2354 praetera
912 2311 953 2344 12
974 2309 1099 2343 mundi
1121 2310 1257 2353 sumus}
1286 2309 1541 2343 mundissimus
1568 2309 1603 2342 P
1654 2309 1695 2342 113
1716 2319 1792 2341 sero

263 2381 327 2404 uos
354 2370 390 2405 R
442 2371 484 2403 14
511 2371 744 2404 contcniscris
771 2371 805 2403 A
881 2369 1077 2414 diligenter
1104 2371 1236 2413 actarii]
1267 2368 1496 2412 diliger-atam
1523 2368 1557 2401 A
1610 2369 1652 2401 15
1679 2369 1792 2401 mani-

262 2433 389 2464 festam
418 2429 466 2463 Ρ1
565 2429 782 2474 pcruersam]
813 2432 847 2462 ct
876 2440 1078 2473 pei-uersam
1105 2429 1139 2461 A
1265 2430 1305 2462 17
1335 2429 1394 2472 qui
1420 2429 1455 2461 P
1557 2428 1730 2471 sacrilego
1759 2428 1792 2460 A

266 2490 306 2523 19
335 2489 532 2523 catholicae
559 2488 644 2522 III]vv
726 2489 767 2521 ‘21
797 2488 919 2521 ΥΙΠΠΟ
947 2488 1018 2521 X¹¹¹⁰
1053 2489 1088 2522 A
1115 2490 1242 2522 octauo
1271 2487 1406 2521 decimo
1435 2487 1516 2522 MR
1613 2487 1662 2520 K}
1689 2487 1791 2519 iulias

261 2549 382 2583 PMF
403 2549 452 2582 Ka*
478 2549 530 2582 iul
559 2547 680 2582 AP¹R
766 2548 810 2581 22
840 2556 968 2591 agusto
995 2547 1034 2580 F
1057 2548 1248 2591 augustino
1276 2547 1310 2580 A
1415 2547 1521 2580 YlIll
1551 2558 1633 2580 cons
1661 2545 1791 2579 MFI*

262 2610 320 2651 (m.
350 2610 375 2642 2
401 2620 437 2642 cs
464 2619 579 2652 snpra
604 2607 723 2649 VIIII)
749 2606 784 2641 R
812 2607 935 2640 nonies
965 2599 1047 2640 cons
1073 2607 1108 2640 P
1135 2606 1239 2639 VIIII
1266 2606 1510 2640 consentiente
1532 2606 1566 2638 A
1593 2606 1790 2649 imperante

265 2678 318 2700 cce
346 2667 434 2701 VIII
462 2678 530 2700 cos.
558 2667 601 2710 fl
618 2678 634 2700 r
731 2669 877 2710 possent
905 2665 977 2698 1¹1³
1083 2677 1324 2709 quoscumque
1352 2665 1421 2699 PR
1519 2666 1563 2698 23
1590 2665 1658 2698 istc
1685 2664 1720 2698 R

1823 943 1855 968 10

1825 1297 1858 1323 15

1823 1655 1856 1680 20
