1924 3122
686 198 1036 242 epistularum
1078 199 1179 235 CXL.
1608 203 1694 243 203

166 326 206 366 in
239 326 344 379 ipsis
378 326 620 380 corporibus
654 339 714 369 ea.
743 341 848 380 qnae
882 328 1076 369 inferiora
1109 332 1220 373 sunt.
1249 330 1361 371 sicut
1387 333 1494 371 terra
1520 333 1562 371 et
1587 343 1694 383 aqua

167 400 208 437 et
239 397 328 449 ipse
362 409 442 447 aer,
477 397 648 439 meliora
681 397 786 439 fiunt
823 399 1142 453 participatione
1181 401 1380 450 melioris,
1414 401 1455 442 id
1495 403 1561 443 est
1598 414 1693 442 cum

165 468 258 508 luce
315 467 618 509 inluminantur
673 471 714 510 et
770 469 933 511 feruore
993 474 1257 524 uegetantur,
1314 472 1373 513 sic
1430 472 1695 525 incorporeae

166 545 377 579 creaturae
399 539 621 581 rationales
643 540 777 592 ipsius
799 542 996 582 creatoris
1018 542 1123 583 fiunt
1144 543 1464 596 participatione
1486 543 1694 592 meliores,

119 623 134 647 ⁵
166 621 262 650 cum
307 609 342 650 ei
388 610 611 652 cohaerent
653 612 881 665 purissima
925 617 964 653 et
1011 614 1281 655 sanctissima
1326 615 1517 656 caritate:
1570 627 1694 668 quam

108 979 139 1003 10

105 1692 139 1716 ‘20

105 2046 139 2070 25

167 680 278 720 omni
311 680 434 723 modo
469 681 504 723 si
537 683 758 732 caruerint,
793 684 1084 726 tenebrescent
1118 688 1160 726 et
1197 686 1475 727 obdurescent
1513 685 1693 738 quodam

164 751 302 792 modo.

223 822 402 863 Proinde
446 823 637 866 infideles
683 826 874 868 homines
919 827 1114 868 tenebrae
1166 829 1276 868 sunt.
1329 827 1399 880 qui
1451 840 1523 880 per
1571 826 1694 868 fidem

165 894 357 935 conuersi
390 895 442 935 ad
476 895 599 937 deum
634 897 811 949 quadam
847 898 1075 950 praemissa
1107 898 1427 939 inluminatione
1467 898 1536 939 lux
1574 897 1694 938 fiunt.

164 964 203 1005 in
245 978 327 1018 qua
365 966 617 1018 proficiendo
653 968 686 1009 si
721 981 768 1010 ex
806 969 886 1010 fide
927 968 976 1009 ad
1017 969 1200 1023 speciem
1238 969 1518 1023 peruenerint,
1552 971 1600 1010 ut
1637 968 1693 1019 id,

165 1036 275 1089 quod
315 1037 501 1090 credunt,
542 1039 666 1080 etiam
708 1041 961 1093 conspicere.
1002 1041 1112 1082 sicut
1150 1043 1314 1081 tantum
1354 1040 1508 1082 bonum
1555 1043 1696 1093 potest

165 1106 363 1159 conspici,
390 1111 641 1151 mereantur.
668 1111 895 1163 perfectam
923 1112 1126 1164 recipient
1159 1111 1385 1165 imaginem
1419 1111 1504 1159 dei:
1538 1111 1694 1152 talibus

165 1177 275 1218 enim
304 1178 407 1220 dicit
433 1180 671 1233 apostolus:
698 1181 912 1223 Fuistis
941 1182 1233 1235 aliqnando
1262 1183 1532 1232 tenebrae,
1559 1195 1693 1223 nunc

165 1251 340 1290 autem
369 1251 455 1291 lux
483 1251 530 1293 in
559 1252 733 1294 domin
749 1267 783 1295 o.
806 1267 925 1307 porro
950 1254 1143 1295 diabolus
1165 1258 1206 1295 et
1227 1254 1364 1308 angeli
1387 1254 1477 1295 eius
1498 1254 1694 1295 tenebrae

124 1335 139 1359 s
166 1323 265 1360 sunt
290 1320 529 1363 infidelibus
557 1323 799 1365 hominibus
827 1324 1070 1366 exteriores:
1099 1325 1194 1377 plus
1221 1325 1329 1365 enim
1358 1325 1408 1365 ab
1430 1324 1502 1365 illa
1521 1324 1694 1365 caritate

167 1391 304 1432 auersi
338 1394 378 1433 et
405 1392 443 1432 in
472 1406 596 1434 suum
630 1394 786 1436 fastum
822 1396 1231 1448 obstinationemque
1265 1395 1472 1449 progressi
1508 1397 1619 1436 sunt.
1655 1399 1696 1435 et

166 1462 359 1514 quoniam
401 1467 582 1505 extremo
622 1465 777 1507 iudicio
817 1466 1007 1508 dicturus
1048 1469 1113 1507 est
1152 1466 1345 1508 Christus
1386 1466 1459 1515 eis,
1499 1478 1605 1519 quos
1643 1465 1694 1506 ad

166 1533 379 1575 sinistram
401 1534 626 1577 discernet:
656 1538 735 1578 Ite
763 1538 811 1578 in
839 1538 1012 1593 ignem
1040 1540 1329 1587 aeternum,
1353 1537 1444 1591 qui
1471 1538 1692 1590 paratus

166 1608 247 1646 est
298 1605 514 1648 diabolo
567 1611 616 1648 et
669 1609 880 1662 angelis
933 1610 1061 1651 eius.
1114 1609 1180 1650 his
1231 1609 1428 1663 malignis
1473 1608 1692 1661 spiritibus

165 1676 478 1731 coniungendos
524 1679 735 1733 simulque
781 1681 1037 1722 damnandos
1083 1681 1195 1722 dicet
1236 1681 1371 1722 ituros
1416 1680 1455 1720 in
1500 1679 1692 1720 tenebras

165 1748 402 1799 exteriores,
434 1749 476 1790 id
511 1754 574 1792 est
601 1751 638 1792 in
669 1752 914 1794 societatem
947 1752 1163 1805 poenalem
1199 1752 1355 1793 diaboli
1381 1754 1423 1792 et
1449 1751 1691 1804 angelorum

166 1819 267 1860 eius.
307 1820 404 1861 huic
443 1834 599 1874 poenae
639 1823 892 1864 contrarium
933 1827 1011 1865 est.
1051 1824 1163 1877 quod
1200 1823 1306 1864 bono
1352 1835 1473 1863 seruo
1519 1821 1692 1863 dicitur:

165 1889 314 1932 Intra
356 1890 404 1932 in
453 1892 706 1945 gaudium
753 1894 950 1935 domini
997 1894 1090 1944 tui,
1137 1897 1197 1943 ut,
1244 1897 1398 1947 quanto
1445 1895 1544 1934 sunt
1588 1892 1692 1934 istae

164 1962 358 2003 tenebrae
397 1963 634 2014 exteriores,
671 1967 788 2005 tanto
829 1965 885 2006 sit
923 1966 1064 2006 lumen
1102 1964 1209 2006 illud
1247 1965 1438 2006 interius.
1473 1977 1551 2006 non
1590 1964 1691 2005 haec

164 2044 236 2085 per
283 2033 471 2075 locorum
522 2035 746 2077 interualla
795 2036 905 2077 inani
956 2037 1250 2089 phantasmate
1301 2035 1524 2090 cogitanda
1574 2038 1690 2077 sunt:

163 2104 312 2146 localia
345 2106 479 2159 spatia
514 2119 593 2148 non
628 2111 835 2160 occupant
868 2107 946 2148 nisi
982 2120 1200 2160 corporum
1236 2108 1380 2149 moles.
1414 2120 1492 2148 non
1523 2110 1587 2148 est
1615 2106 1690 2147 boc

285 2244 326 2277 13
354 2244 445 2289 Epli.
473 2246 504 2287 Γ),
532 2252 551 2273 Η
629 2246 670 2278 Ν
700 2245 827 2279 Matth.
855 2245 911 2287 ⁶25,
938 2245 980 2279 41
1058 2246 1101 2279 25³
1130 2245 1260 2281 Matth.
1288 2247 1344 2289 ⁴25,
1371 2245 1416 2279 23

211 2327 232 2360 2
259 2338 307 2362 ar.
336 2339 379 2361 m.
408 2331 425 2361 1
453 2339 544 2363 corr.
572 2340 631 2362 aer
659 2328 689 2361 L
799 2328 1287 2373 melioris—participatione
1314 2339 1382 2362 om.
1415 2327 1444 2361 Ο
1565 2328 1586 2361 3
1614 2328 1691 2362 luct-

164 2395 230 2419 om.
264 2385 294 2419 T
390 2387 573 2431 incorpore
603 2387 676 2421 GT
747 2388 769 2421 4
794 2399 850 2421 me
869 2387 1054 2421 meliores
1083 2387 1114 2421 G
1202 2390 1223 2422 5
1251 2398 1320 2431 qua
1351 2386 1495 2421 ORGT
1518 2390 1576 2430 (ex
1601 2398 1690 2422 corr.

164 2455 208 2476 m.
239 2449 280 2478 ut
317 2445 390 2479 uid.
425 2449 459 2482 1.·
484 2446 565 2489 fuit
598 2447 695 2491 quia)
729 2446 809 2481 edd.
850 2447 1015 2491 Euqippi
1048 2447 1150 2481 codd.
1187 2446 1380 2487 nonnulli,·
1413 2446 1459 2490 ef.
1490 2458 1527 2490 p.
1559 2449 1617 2482 74.
1649 2449 1689 2479 14

165 2505 185 2537 Γ)
212 2505 306 2538 omni
335 2504 455 2549 modo!
484 2506 628 2539 omnino
655 2506 690 2540 Ic
770 2506 1024 2540 tenebrescunt
1052 2510 1086 2540 et
1114 2505 1355 2540 obdures-:unt
1388 2505 1419 2538 T
1443 2505 1521 2539 edd.
1545 2509 1692 2548 praeter

165 2574 188 2595 ιι
252 2563 290 2597 11
321 2565 524 2608 prospicere
551 2564 644 2608 Καρ.
710 2566 752 2599 112,
782 2566 874 2599 enim
902 2577 969 2599 om.
1003 2564 1035 2598 T
1097 2566 1138 2598 15
1165 2564 1361 2599 deteriores
1388 2564 1466 2597 edd.
1490 2568 1638 2608 praeter
1659 2576 1688 2596 m

168 2622 208 2655 16
235 2624 273 2656 et
298 2634 364 2656 om.
395 2622 423 2655 Ι,
522 2622 655 2658 factum
686 2624 759 2658 GT
781 2624 945 2668 Euffl‘ppi
970 2624 1047 2660 cod.
1075 2624 1198 2659 Amor.
1226 2629 1257 2657 ec
1290 2623 1373 2657 Val.
1459 2623 1497 2656 17
1526 2623 1689 2656 Christus

166 2679 323 2715 dicturus
350 2684 404 2715 est
430 2682 508 2716 edd.
604 2684 645 2716 18
672 2683 841 2718 discernit
871 2683 963 2726 Euql.
1045 2683 1101 2717 '20
1129 2682 1215 2717 dicit
1241 2694 1274 2716 m
1302 2682 1394 2726 Eugy.
1486 2682 1527 2715 21
1559 2681 1689 2723 angeli.

167 2751 208 2774 m.
237 2743 254 2773 1
280 2742 328 2783 (Ρ)
355 2751 444 2775 corr.
472 2741 679 2784 angelorum
712 2742 739 2775 Ι,
885 2744 930 2775 ’23
956 2742 1008 2776 tui
1039 2749 1068 2775 <t
1094 2754 1139 2777 m.
1167 2745 1192 2775 2
1218 2741 1403 2775 inductum
1434 2744 1499 2773 auc
1525 2747 1630 2777 corr.)
1661 2742 1691 2771 (Ι

214 2799 368 2843 quando.
394 2800 478 2835 stilo
505 2805 687 2835 eei-ussaw
715 2812 805 2835 corr.
834 2806 967 2846 quanto
994 2801 1026 2835 J„
1101 2802 1145 2835 26
1173 2804 1225 2834 est
1254 2810 1320 2834 om.
1356 2799 1384 2832 'I'
