1924 3122
137 972 169 996 10

662 185 1015 230 epistularum
1056 184 1265 221 CXXXVII.
1646 189 1726 230 125

195 315 275 356 fide
308 314 462 356 uiuunt
488 327 667 367 eumque
694 313 760 367 pie
789 315 944 364 colunt,
973 314 1062 356 siue
1091 315 1200 356 mala
1226 315 1353 356 huius
1380 315 1495 356 uitae
1522 315 1729 368 patienter

196 385 442 439 fortiterque
476 385 741 439 experiantur
773 385 864 426 siue
896 385 1017 426 bonis
1052 385 1141 427 eius
1182 385 1514 427 misericorditer
1545 398 1591 427 ac
1623 388 1728 427 tem-

195 459 386 511 peranter
417 458 603 506 utantur,
633 459 847 498 aeternum
879 469 952 509 pro
990 459 1165 510 utroque
1192 457 1424 511 praemium
1453 457 1660 511 recepturi
1685 458 1726 498 in

196 527 371 569 ciuitate
398 540 577 581 superna
604 529 729 581 atque
757 527 913 578 diuina,
935 527 1007 569 ubi
1033 527 1116 569 iam
1138 540 1218 568 non
1240 528 1295 568 sit
1315 528 1492 570 moleste
1513 528 1729 570 toleranda

198 599 414 640 calamitas
447 611 521 640 nec
553 598 759 640 laboriose
792 598 991 640 frenanda
1030 598 1241 651 cupiditas
1280 599 1354 640 sed
1388 600 1477 640 sola
1515 599 1603 640 sine
1642 600 1730 640 ulla

196 668 444 710 difficultate
479 672 520 710 et
553 681 649 710 cum
680 669 867 722 perfecta
897 669 1092 710 libertate
1125 669 1341 711 retinenda
1375 669 1440 710 dei
1474 673 1516 711 et
1553 669 1729 724 proximi

197 740 360 782 caritas.
391 739 645 781 incolumem
672 739 984 793 felicioremque
1011 742 1052 781 te
1080 740 1478 782 misericordissima
1505 740 1570 781 dei
1598 741 1729 782 omni-

195 810 382 865 potentia
431 813 612 860 tueatur,
671 810 837 852 domine
894 810 1085 852 inlustris
1143 813 1185 853 et
1239 811 1388 853 merito
1446 811 1624 866 insignis
1682 824 1728 852 ac

194 881 558 935 praestantissime
574 881 646 923 fili.
664 883 852 923 sanctam
868 883 911 923 et
930 881 970 922 in
987 881 1155 924 Christo
1177 881 1426 936 dignissime
1446 882 1728 924 honorandam

194 955 384 1003 matrem,
414 953 535 994 cuius
562 965 635 1006 pro
663 954 705 993 te
737 965 881 1006 preces
916 952 1018 994 deus
1046 952 1253 1004 exaudiat,
1280 965 1354 1006 pro
1382 953 1544 994 meritis
1572 953 1727 994 uestris

196 1023 505 1066 officiosissime
521 1023 673 1065 saluto.
696 1027 867 1065 sanctus
882 1024 1009 1065 frater
1023 1026 1064 1065 et
1079 1023 1356 1078 coepiscopus
1372 1036 1492 1066 meus
1507 1023 1728 1066 Possidius

194 1095 494 1148 praestantiam
528 1096 713 1137 uestram
746 1095 930 1136 multum
965 1095 1134 1137 salutat.

246 1234 261 1267 1
290 1235 467 1279 patenter,
494 1245 538 1267 m.
565 1236 585 1267 1
611 1244 701 1270 corr.
734 1234 916 1278 patienter
940 1233 990 1267 M
1108 1234 1128 1268 2
1162 1235 1395 1278 expectantur
1422 1233 1464 1267 K
1581 1233 1666 1267 boni
1691 1233 1730 1267 D

244 1296 329 1327 ante
355 1303 396 1327 ac
423 1303 494 1326 ras.
522 1294 617 1327 1-2
645 1293 667 1327 Ζ.
700 1292 732 1326 T
838 1294 858 1326 4
886 1293 1040 1327 molesta
1066 1292 1109 1326 H
1211 1293 1231 1326 5
1257 1303 1323 1327 nec
1348 1293 1529 1327 laboriose
1555 1291 1730 1327 frenanda

196 1351 374 1396 cupiditas
400 1362 467 1386 om.
494 1351 558 1386 CR
632 1351 813 1386 laboriosa
834 1356 889 1385 est
908 1351 1082 1386 frenenda
1102 1354 1160 1395 (m.
1182 1354 1200 1385 1
1220 1362 1311 1388 corr.
1334 1350 1522 1394 frenanda)
1550 1350 1601 1385 JV
1615 1350 1730 1385 labori

197 1421 233 1444 se
260 1409 434 1445 frenanda
460 1411 499 1445 D
523 1410 657 1445 laboris
687 1410 882 1445 esrenanda
907 1411 980 1445 ΑΡ
1002 1411 1135 1445 laboris
1164 1410 1370 1445 effrenanda
1395 1410 1443 1444 M
1537 1409 1659 1455 cupidi
1675 1409 1728 1443 di-

195 1473 252 1503 tas
279 1470 312 1503 A
412 1470 505 1513 sinel
535 1470 564 1503 si
589 1470 624 1503 A
734 1471 755 1503 6
783 1481 860 1504 cum
889 1481 955 1504 om.
986 1469 1255 1504 CDRMAKP
1350 1469 1422 1514 dei]
1451 1469 1577 1503 christi
1607 1467 1730 1503 THP¹

198 1529 216 1562 7
245 1529 392 1573 caritas]
422 1529 554 1563 caritas
581 1528 736 1563 feliciter
755 1529 793 1562 D
820 1529 950 1562 caritas
978 1540 1080 1563 amen
1107 1527 1156 1562 12¹
1184 1529 1314 1562 caritas
1342 1530 1378 1562 et
1404 1529 1475 1562 alia
1501 1539 1606 1562 manu
1633 1539 1730 1562 reco-

198 1588 308 1632 gnoui
336 1588 377 1621 K
490 1588 908 1622 incolumem—multum
936 1588 1072 1622 salutat
1098 1599 1164 1622 om.
1198 1586 1356 1622 ΤΒΗΡ1
1454 1591 1491 1621 te
1518 1586 1731 1621 feliciorem-

198 1658 265 1692 que
296 1646 347 1680 W
440 1650 475 1681 te
503 1658 569 1681 om.
597 1646 678 1682 RK
820 1647 1078 1692 omnipotentis
1113 1647 1355 1681 eximietatem
1387 1648 1486 1680 tuam
1521 1648 1667 1680 tueatur
1693 1645 1735 1679 K

197 1707 218 1741 8
245 1706 388 1740 inlustri
420 1705 516 1740 WJI
617 1707 671 1750 ac]
701 1708 737 1740 et
767 1707 795 1741 C
918 1707 960 1742 10
987 1706 1073 1740 deus
1101 1717 1225 1751 preces
1256 1705 1340 1740 WP
1363 1705 1442 1742 edd.
1548 1704 1635 1739 deus
1663 1715 1730 1739 om.

202 1765 310 1801 GRK
452 1765 596 1800 exaudit
622 1765 661 1799 D
749 1766 787 1800 11
818 1765 1151 1800 sanctus—salutat
1177 1776 1244 1800 om.
1271 1765 1310 1799 D
1431 1764 1542 1799 frater
1569 1775 1634 1798 om.
1667 1763 1730 1798 CR

202 1826 243 1859 12³.
272 1825 619 1870 praestantissimam
651 1824 701 1859 W
795 1825 947 1859 multum
975 1827 1133 1859 uestram
1159 1825 1194 1858 A
