1952 3118
674 167 1027 213 epistularum
1067 166 1168 202 CXL.
1601 172 1686 212 225

156 298 227 339 ubi
254 310 366 340 mors
394 311 539 340 somno
568 299 848 352 comparatur.
876 296 1135 351 significauit
1161 310 1260 352 ergo
1282 298 1476 340 dominus
1498 299 1690 340 futurum

154 369 286 410 fuisse
318 371 501 423 tempus,
537 381 617 423 quo
656 369 766 410 inter
803 367 1100 410 tribulationes
1139 369 1524 423 temptationesque
1564 370 1690 412 huius

156 439 312 481 saeculi
343 440 425 480 iam
460 440 626 492 iamque
666 438 756 480 eius
797 440 1084 492 expectaretur
1123 441 1164 480 et
1205 442 1443 492 speraretur
1482 440 1690 483 aduentus

154 513 368 563 tamquam
402 510 662 563 propinquus
697 512 822 562 atque
854 509 1093 560 imminens,
1119 509 1168 550 ad
1197 523 1321 562 quem
1355 524 1398 552 se
1430 515 1691 565 praeparent,

113 597 129 621 5
156 582 227 635 qui
264 582 305 622 in
351 581 441 623 eius
489 594 580 623 esse
625 580 785 621 familia
829 580 1036 622 uidentur.
1082 580 1162 622 hoc
1207 583 1272 622 est
1316 583 1439 631 enim,
1480 582 1590 636 quod
1633 582 1692 624 ait

153 653 286 694 exisse
320 653 512 694 obuiam
546 665 726 705 sponso
761 654 808 692 et
839 664 1065 705 sponsae,
1100 664 1253 705 sponso
1288 652 1458 706 quidem
1491 654 1578 695 filio
1607 654 1687 705 dei,

156 736 331 776 sponsae
371 725 525 772 autem,
567 723 657 764 siue
697 723 794 776 quia
833 722 873 764 in
914 736 960 765 eo
1002 735 1172 777 corpore
1210 726 1416 765 uenturus
1463 726 1539 774 est,
1580 725 1692 777 quod

156 794 339 847 sumpsit
371 807 416 835 ex
450 794 627 848 uirgine.
663 794 754 836 siue
789 793 887 847 quia
917 794 1011 847 ipsa
1044 794 1222 835 ecclesia
1253 796 1352 836 tunc
1387 795 1536 836 clarior
1568 808 1691 849 appa-

154 866 276 914 rebit,
315 868 363 907 ut
400 865 451 906 ad
490 865 677 906 uniuersi
717 865 902 918 corporis
945 866 1314 919 congregationem
1358 867 1548 908 membra
1596 879 1691 908 con-

157 940 335 986 currant,
376 937 529 990 quibus
570 936 916 978 concurrentibus
956 936 1045 977 eius
1088 937 1334 991 magnitudo
1373 938 1690 979 monstrabitur.

215 1007 409 1062 Virgines
451 1011 619 1061 propter
657 1007 956 1049 continentiam
995 1007 1269 1061 nuncupauit,
1311 1008 1454 1050 decem
1497 1021 1610 1059 uero,
1649 1008 1692 1050 id

157 1082 222 1120 est
272 1078 457 1132 quinque
509 1081 551 1120 et
601 1078 782 1132 quinque
833 1080 1003 1132 propter
1051 1091 1284 1122 numerum.
1337 1092 1418 1133 quo
1470 1082 1693 1121 censentur

157 1150 341 1203 corporis
383 1163 548 1193 36113113.
582 1150 621 1190 111
662 1150 814 1203 quibus
855 1149 1017 1191 habitat
1049 1149 1319 1200 continentia,
1360 1163 1454 1192 cum
1489 1163 1511 1191 a
1543 1150 1691 1203 uolup-

155 1221 315 1262 tatibus
347 1221 543 1274 turpibus
577 1223 618 1262 et
650 1221 822 1262 inlicitis
855 1221 1101 1262 abstinetur.
1130 1220 1359 1274 lampades,
1387 1221 1500 1263 sicut
1532 1221 1692 1262 dictum

158 1295 235 1341 est,
268 1292 376 1333 bona
408 1296 508 1334 sunt
542 1305 665 1345 opera
698 1292 959 1346 maximeque
993 1292 1044 1333 ad
1076 1292 1406 1334 misericordiam
1441 1292 1692 1347 pertinentia

157 1366 198 1404 et
234 1363 339 1416 ipsa.
382 1376 487 1416 quae
528 1363 652 1404 etiam
694 1375 832 1404 coram
871 1363 1113 1404 hominibus
1159 1363 1286 1413 lucet,
1326 1363 1552 1405 laudabilis
1597 1376 1691 1405 con-

156 1434 354 1475 uersatio.
390 1434 463 1475 sed
497 1434 637 1488 magni
670 1434 860 1483 interest,
896 1446 976 1487 qua
1018 1434 1172 1475 mentis
1205 1434 1433 1475 intentione
1472 1434 1562 1480 fiat:
1597 1434 1690 1476 ideo

157 1505 259 1546 dicit
291 1505 393 1546 alias
428 1505 639 1558 sapientes
673 1505 777 1545 alias
813 1506 981 1555 stultas,
1010 1505 1083 1546 sed
1109 1505 1205 1546 hinc
1240 1517 1308 1546 eas
1337 1505 1552 1556 discernit,
1581 1505 1693 1558 quod

157 1577 344 1617 stultae
366 1589 457 1617 non
489 1578 814 1628 sumpserunt
841 1576 1002 1616 oleum
1031 1588 1212 1626 secum,
1236 1576 1492 1629 sapientes
1521 1581 1686 1618 autem

156 1650 456 1700 acceperunt
489 1647 649 1688 oleum
684 1646 730 1687 in
764 1646 902 1687 uasis
937 1646 1056 1696 suis,
1085 1647 1164 1688 hoc
1199 1647 1330 1688 estin
1359 1647 1556 1689 cordibus
1584 1647 1687 1698 suis,

154 1718 227 1759 ubi
259 1717 306 1759 fit
330 1718 422 1771 ipsa
449 1718 714 1771 participatio
742 1718 878 1759 intimi
907 1731 954 1759 ac
981 1719 1150 1772 superni
1176 1719 1287 1760 boni.
1319 1719 1430 1760 unde
1455 1719 1497 1760 in
1525 1719 1688 1773 psalmo

156 1788 349 1841 quodam,
414 1802 509 1830 cum
574 1789 732 1830 dictum
799 1792 930 1832 esset:
1004 1789 1305 1831 sacrificate
1375 1790 1686 1831 sacrificium

155 1859 389 1901 iustitiae
437 1862 483 1901 et
523 1863 719 1913 sperate
758 1860 804 1901 in
851 1860 1062 1910 domino,
1102 1860 1263 1908 multi,
1303 1860 1453 1914 inquit,
1494 1861 1687 1902 dicunt:

157 1928 275 1980 Quis
298 1931 522 1972 ostendit
543 1931 684 1973 nobis
706 1931 858 1972 bona?
880 1931 1028 1972 deinde
1049 1933 1096 1972 ut
1115 1932 1418 1982 manifestaret,
1441 1932 1562 1974 cuius
1590 1931 1688 1973 boni

157 2014 295 2043 amore
319 2001 544 2043 debeamus
567 2002 728 2055 operari
748 2002 971 2051 iustitiam,
992 2002 1070 2044 hoc
1093 2006 1159 2044 est
1179 2002 1412 2044 sacrificare
1433 2003 1688 2045 sacrificium

156 2071 357 2122 iustitiae,
404 2073 656 2127 signatum
703 2076 791 2115 est.
831 2073 981 2127 inquit,
1019 2073 1065 2114 in
1112 2074 1255 2115 nobis
1300 2074 1465 2115 lumen
1511 2075 1687 2116 uultus

251 2223 271 2256 6
291 2222 420 2257 Marta.
443 2224 499 2263 25,
524 2224 539 2256 1
595 2223 637 2257 16
658 2222 788 2257 Matth.
809 2225 841 2267 5,
865 2224 907 2258 16
960 2223 1002 2257 19
1022 2224 1151 2258 Matth.
1174 2224 1231 2267 25,
1253 2224 1345 2258 3-4
1395 2225 1441 2258 22
1461 2222 1520 2259 ps.
1540 2225 1574 2267 4,
1595 2225 1686 2259 6—7

201 2304 222 2338 2
249 2316 325 2340 esse
352 2306 431 2340 edd.
507 2306 542 2340 in
571 2317 639 2351 quo
668 2306 718 2349 (111
745 2317 789 2340 m.
818 2308 836 2339 1
862 2306 945 2348 del.)
972 2306 1003 2339 Τ
1074 2306 1333 2352 temptationes
1360 2306 1687 2351 tribulationesque

155 2363 190 2398 R
215 2363 466 2398 tribulationes
495 2367 531 2398 et
556 2365 778 2399 tentationes
806 2364 885 2398 edd.
996 2365 1132 2399 saeculi
1158 2365 1264 2399 huius
1291 2365 1371 2401 edd.
1495 2365 1515 2399 3
1543 2365 1688 2409 iamque

157 2423 181 2465 (i
207 2433 250 2457 ex
273 2428 380 2465 corr.)
408 2423 444 2459 R
565 2425 586 2457 4
614 2424 735 2469 atque]
765 2426 801 2457 et
826 2423 862 2458 R
991 2423 1050 2468 ad]
1080 2426 1118 2458 at
1143 2423 1177 2457 L
1298 2425 1318 2457 5
1347 2424 1422 2458 61113
1443 2440 1457 2456 *
1478 2424 1571 2467 (fuit
1597 2424 1625 2465 f)
1655 2423 1688 2458 G

204 2481 342 2516 familia
368 2493 444 2517 esse
479 2482 509 2515 Τ
579 2484 599 2517 6
627 2482 684 2517 dei
711 2483 783 2516 filio
819 2482 848 2515 Τ
939 2483 957 2516 7
986 2484 1106 2517 autem
1133 2494 1196 2517 sue
1222 2483 1258 2517 id
1286 2485 1341 2517 est
1368 2483 1516 2517 ecclesie
1544 2483 1628 2527 quia
1659 2481 1690 2515 T

205 2541 300 2585 quia]
329 2542 375 2586 qd
401 2541 443 2576 N
561 2542 582 2575 8
608 2542 684 2576 31116
711 2542 796 2586 quia
821 2552 887 2576 om.
920 2541 953 2574 T
1097 2546 1182 2586 post
1207 2542 1285 2587 ipsa
1310 2553 1354 2576 m.
1381 2544 1400 2576 1
1427 2541 1513 2576 add.
1542 2552 1625 2576 uero
1657 2540 1690 2574 T

160 2599 199 2633 11
228 2599 365 2644 decem]
391 2600 575 2645 lampades
602 2600 638 2635 R
691 2602 732 2635 12
761 2602 925 2635 censetur
951 2600 989 2634 N
1054 2602 1095 2635 16
1121 2600 1289 2635 laudibus
1319 2601 1353 2635 G
1406 2601 1445 2634 17
1475 2600 1536 2634 3611
1563 2610 1631 2634 om.
1651 2600 1687 2634 R

207 2670 275 2703 qua
302 2662 337 2701 (a
363 2660 402 2694 in
430 2671 501 2694 ras.
530 2672 574 2694 m.
602 2663 636 2703 1)
664 2660 695 2693 L
770 2659 966 2694 intentioni
996 2659 1026 2694 Ο
1058 2660 1126 2694 ’18
1153 2660 1284 2694 stultas
1312 2660 1399 2693 alias
1427 2659 1506 2693 edd.
1559 2659 1601 2693 19
1629 2669 1683 2692 sa-

160 2717 466 2761 pientes-oleum
493 2730 560 2753 om.
593 2718 624 2752 Τ
719 2719 760 2752 21
791 2721 826 2753 et
860 2718 889 2751 'l'
984 2718 1093 2763 1111116]
1123 2719 1184 2753 111)1
1213 2718 1286 2753 GT
1381 2718 1425 2753 25
1453 2717 1624 2752 debemus
1650 2717 1687 2751 R

160 2776 204 2809 26
231 2777 390 2811 iustitiae
418 2781 452 2811 et
480 2789 621 2823 sperare
649 2779 829 2823 signatum
857 2777 936 2812 edd.
957 2782 1108 2822 praeter
1134 2790 1167 2812 m
1265 2778 1299 2811 in
1326 2788 1393 2813 om.
1426 2776 1455 2810 0

197 2858 364 2884 xxxx1111
383 2859 461 2891 Aug.
478 2863 550 2885 sect.
566 2860 591 2884 11
606 2866 675 2891 pars
695 2858 712 2884 3
1597 2847 1640 2881 15
