1952 3118
605 184 958 230 epistularum
999 184 1190 219 CXLVIII.
1575 189 1661 229 339

135 315 347 357 auferatur
384 314 589 356 uelamen.
629 313 687 354 ibi
726 313 879 367 quippe
919 313 1038 354 dicit:
1086 313 1184 355 Nos
1230 316 1392 355 autem
1438 316 1663 357 reuelata

134 386 262 428 facie
296 385 506 440 gloriam
540 383 727 426 domini
760 384 1097 438 speculantes,
1132 398 1238 438 quae
1270 385 1398 427 facies
1425 386 1464 427 in
1492 386 1662 429 Iudaeis

132 470 212 499 non
258 459 344 498 erat
374 457 575 506 reuelata,
627 455 676 497 de
728 455 881 508 quibus
927 455 1048 497 dicit:
1100 455 1334 498 Velamen
1380 470 1530 510 super
1579 470 1663 499 cor

134 541 297 569 eorum
338 527 559 580 positum
598 530 687 575 est,
729 529 776 567 ut
813 526 1010 568 ostendat
1048 526 1186 568 cordis
1224 527 1376 568 faciem
1413 528 1533 569 nobis
1567 541 1661 570 esse

91 616 107 641 ⁵
131 598 362 640 reuelatam
395 597 604 639 uelamine
637 598 790 639 ablato.
823 600 1051 650 postremo,
1085 610 1135 638 ne
1163 597 1388 650 quisquam
1413 598 1497 640 ista
1522 600 1660 641 minus

131 669 295 710 intuens
335 669 559 722 minusque
599 668 838 710 discernens
878 668 1093 710 nisibilem
1133 668 1257 709 deum
1296 669 1366 710 uel
1398 670 1559 723 angelis
1592 671 1662 712 uel

130 740 386 783 hominibus.
432 752 527 782 cum
566 739 761 793 aequales
807 740 969 794 angelis
1012 739 1112 781 facti
1150 740 1370 791 fuerimus,
1416 741 1507 782 siue
1552 754 1661 782 nunc

131 823 225 852 esse
257 811 348 852 siue
381 811 571 852 futurum
605 823 698 852 esse
732 810 931 856 crederet,
966 810 1299 860 euidentissime,
1342 811 1442 865 quid
1474 812 1660 856 sentiret,

132 882 336 934 expressit
368 881 524 931 dicens,
560 881 671 935 quod
704 881 867 923 ‘faciem
902 881 969 922 dei
1000 881 1115 923 iuxta
1146 884 1318 923 naturae
1351 895 1451 923 suae
1479 883 1661 937 proprie-

73 971 106 997 ιο
129 954 260 994 tatem
300 952 414 994 nulla
451 952 596 994 uideat
635 955 824 994 creatura
857 955 898 994 et
929 955 1030 994 tunc
1070 955 1208 994 mente
1247 955 1454 1003 cernatur,
1496 954 1660 1007 quando

129 1023 357 1065 inuisibilis
386 1024 595 1066 creditur’.
627 1025 737 1065 unde
764 1023 1022 1065 sufficienter
1049 1023 1322 1078 significauit,
1350 1024 1514 1078 quando
1540 1025 1661 1066 uisus

132 1097 196 1136 est
221 1095 270 1136 ab
299 1095 538 1137 hominibus
565 1108 638 1149 per
664 1096 809 1137 oculos
838 1095 1022 1149 corporis
1048 1098 1267 1149 tamquam
1297 1096 1387 1148 ipse
1420 1108 1660 1150 corporeus,

130 1179 209 1207 non
250 1179 346 1207 eum
385 1166 617 1208 secundum
656 1169 827 1207 naturae
866 1179 966 1207 suae
999 1166 1296 1220 proprietatem
1339 1167 1472 1208 fuisse
1503 1167 1659 1217 uisum,

129 1237 169 1278 in
198 1250 279 1290 qua
310 1240 411 1279 tunc
437 1240 576 1278 mente
604 1237 798 1287 cernitur,
833 1237 999 1291 quando
1026 1237 1255 1278 inuisibilis
1282 1237 1475 1279 creditur.
1507 1238 1658 1291 quibus

72 1327 104 1352 ιε»
128 1308 357 1350 inuisibilis
383 1308 464 1349 nisi
492 1309 733 1362 aspectibus
767 1309 1054 1362 corporalibus
1086 1309 1211 1349 etiam
1245 1308 1515 1358 caelestibus,
1549 1309 1662 1350 sicut

133 1392 257 1433 supra
301 1379 350 1421 de
401 1380 561 1434 angelis
608 1383 649 1420 et
697 1380 989 1421 Potestatibus
1034 1383 1074 1421 et
1126 1379 1492 1421 Dominationibus
1543 1379 1659 1430 dixit,

131 1453 284 1503 quanto
319 1451 454 1504 magis
487 1451 786 1492 terrestribus?

45 1523 69 1564 9
188 1522 306 1564 Unde
339 1522 420 1563 alio
453 1522 546 1563 loco
580 1521 819 1562 euidentius
853 1521 973 1562 dicit:
1014 1521 1119 1562 ‘Non
1161 1522 1299 1563 solum
1339 1522 1469 1576 patris
1509 1522 1658 1564 diuini-

127 1594 256 1633 tatem
302 1593 375 1634 sed
420 1605 469 1633 ne
514 1593 588 1633 filii
634 1593 803 1646 quidem
844 1595 886 1634 et
928 1592 1101 1645 spiritus
1147 1593 1295 1642 sancti,
1342 1606 1446 1646 quae
1491 1606 1575 1634 una
1617 1594 1656 1635 in

68 1681 102 1706 20
126 1663 313 1704 trinitate
354 1666 501 1704 natura
539 1666 617 1706 est.
656 1676 781 1717 posse
821 1664 965 1705 oculos
1005 1664 1140 1705 carnis
1180 1664 1366 1717 aspicere
1406 1663 1479 1705 sed
1512 1664 1657 1705 oculos

125 1735 290 1784 mentis,
331 1735 380 1776 de
420 1734 573 1788 quibus
612 1735 702 1788 ipse
741 1736 929 1776 saluator
966 1734 1041 1776 ait:
1092 1735 1234 1776 Beati
1279 1735 1457 1776 mundo
1497 1735 1655 1778 corde.

125 1806 354 1859 quoniam
399 1806 498 1859 ipsi
544 1805 685 1847 deum
731 1805 1002 1847 uidebunt'.
1049 1806 1148 1859 quid
1194 1806 1271 1847 hac
1316 1806 1656 1847 manifestatione

125 1876 335 1918 lucidius?
382 1877 417 1918 si
457 1877 564 1918 enim
604 1879 769 1918 tantum
809 1877 933 1918 modo
973 1877 1148 1917 dixisset
1186 1889 1260 1918 nec
1299 1877 1429 1930 patris
1468 1889 1543 1918 nec
1581 1877 1657 1917 filii

123 1960 195 1988 nec
236 1948 409 2002 spiritus
449 1949 581 1990 sancti
624 1948 890 1989 diuinitatem
933 1961 1056 2002 posse
1102 1948 1246 1990 oculos
1292 1949 1426 1989 carnis
1472 1948 1656 2000 aspicere

67 2031 196 2062 251180
236 2018 430 2072 deinceps
471 2018 703 2060 addidisset
748 2019 834 2060 ‘sed
879 2021 1024 2060 oculos
1069 2019 1250 2070 mentis’‚
1296 2019 1403 2060 forte
1448 2018 1657 2059 diceretur

123 2102 285 2131 carnem
312 2090 396 2131 iam
423 2103 502 2131 non
533 2103 626 2132 esse
655 2090 961 2144 appellandam,
997 2104 1091 2131 cum
1121 2103 1272 2144 corpus
1300 2091 1427 2131 fuerit
1453 2090 1653 2143 spiritale.

240 2226 255 2260 1
285 2226 319 2260 11
346 2225 425 2261 Cor.
454 2227 486 2270 3,
516 2227 557 2261 18
678 2227 699 2261 3
728 2226 763 2261 11
790 2226 868 2261 Cor.
897 2227 928 2263 3.
959 2228 1000 2261 15
1123 2228 1237 2262 9—11
1269 2244 1312 2256 z
1340 2239 1371 2272 p.
1402 2228 1482 2265 333,
1515 2229 1652 2262 10—12

123 2284 164 2318 18
191 2284 336 2320 Hieron.
364 2289 553 2319 comment.
580 2285 615 2319 in
644 2285 702 2319 Es.
731 2297 759 2320 c.
787 2285 841 2319 111
869 2297 900 2322 u.
931 2286 946 2319 l
978 2286 1115 2331 <Miguc
1143 2286 1271 2331 patrol.
1299 2287 1362 2320 lat.
1391 2287 1506 2321 XXIV
1533 2299 1566 2332 p.
1595 2288 1652 2324 93.

121 2345 227 2388 2-6)
300 2345 341 2379 21
372 2345 503 2379 Matth.
531 2348 564 2390 5,
590 2346 611 2380 8

169 2430 189 2462 3
220 2439 291 2462 non
323 2439 402 2471 om„
436 2439 463 2463 s.
495 2440 531 2463 u.
564 2441 608 2464 m.
643 2432 662 2462 1
694 2428 779 2463 adel.
809 2428 856 2462 Ρ1
1034 2440 1093 2463 cor
1126 2431 1262 2474 eorum}
1298 2441 1357 2464 cor
1384 2441 1504 2463 eorum
1533 2441 1592 2463 cor
1626 2429 1658 2462 Γ

118 2487 140 2520 4
166 2486 336 2528 ostendit,
362 2499 476 2531 snpra
502 2499 546 2523 m.
574 2491 593 2522 1
619 2488 704 2522 add.
725 2488 894 2522 ostendat
915 2487 961 2521 Ρι
1012 2489 1032 2519 8
1054 2489 1216 2523 crederet
1241 2499 1321 2530 om.,
1344 2501 1386 2523 m.
1408 2493 1447 2522 ut
1470 2489 1544 2524 uid.
1571 2491 1595 2522 2
1617 2490 1653 2522 in

121 2556 230 2590 mary.
258 2546 344 2582 add.
371 2546 419 2581 Ρι
517 2549 692 2592 expressit
718 2547 804 2592 quid
832 2548 984 2581 sentiret
1010 2548 1045 2581 P
1163 2549 1182 2582 9
1211 2547 1269 2582 dei
1295 2548 1334 2581 in
1354 2548 1434 2592 fine
1462 2559 1494 2580 ιι.
1524 2559 1590 2581 om.
1619 2548 1653 2582 R

124 2604 166 2638 10
193 2608 333 2639 cretura
358 2605 398 2639 F
510 2606 549 2640 11
580 2606 755 2649 credatur,
782 2618 827 2642 m.
854 2610 872 2640 1
898 2617 989 2641 corr,
1018 2606 1175 2641 creditur
1201 2605 1236 2642 R
1333 2609 1373 2640 13
1402 2607 1509 2640 luisse
1537 2608 1651 2641 uisum

121 2673 187 2698 om.
220 2663 268 2697 Ρ1
300 2667 357 2706 (m.
393 2666 418 2698 2
448 2665 490 2698 in
520 2676 631 2709 mary.
667 2665 768 2707 add.)
802 2665 834 2698 V
863 2676 920 2705 (m.
950 2669 968 2699 1
999 2666 1177 2718 inlmarq.
1212 2665 1313 2708 add.)
1439 2667 1478 2699 10*
1507 2665 1592 2699 «lixit
1620 2666 1655 2698 Ι)

0 2741 1 2747 =
26 2740 29 2791 v
125 2720 167 2755 19
193 2723 251 2767 ne]
280 2724 356 2757 sinc
381 2723 416 2756 A
442 2734 507 2757 nec
540 2723 572 2756 V
596 2723 675 2758 edd.
698 2728 847 2768 praeter
874 2735 891 2758 r
999 2716 1066 2765 scs,
1094 2736 1183 2760 corr.
1212 2726 1261 2759 sci
1288 2724 1327 2758 1⁸
1434 2725 1539 2768 quae]
1570 2726 1653 2768 quia

28 2809 30 2826 ι
122 2779 274 2816 Hieron.
349 2782 393 2816 26
420 2782 618 2826 spiritalem
646 2786 691 2824 (m
720 2787 813 2827 exp.)
842 2783 880 2817 F

28 2841 33 2895 l
1534 2852 1599 2886 22*

31 2942 34 2984 l

33 2998 36 3026 l
