1924 3122
96 1027 147 1068 17

152 975 186 1001 10

151 1330 184 1356 15

712 188 1066 233 epistularum
1099 186 1236 222 CXXX.
1685 190 1739 229 59

213 322 406 373 speratur
430 343 487 349 --
520 331 631 373 spes
677 318 818 367 enim,
859 330 982 371 quae
1027 317 1241 367 uidetur,
1276 330 1367 359 non
1413 321 1488 359 est
1522 331 1635 372 spes
1669 344 1738 367 -‚

213 389 281 430 cui
324 388 554 431 contrarius
599 390 664 430 est
708 388 912 441 scorpius,
958 388 1168 440 quoniam.
1220 388 1291 441 qui
1342 391 1482 441 sperat
1531 392 1738 430 aeternam

212 461 357 509 uitam,
386 472 492 513 quae
523 462 632 501 retro
665 461 777 509 sunt,
805 459 1075 501 obliuiscitur
1101 462 1143 500 et
1168 459 1208 500 in
1236 459 1442 501 anteriora
1470 471 1513 501 se
1541 460 1739 509 extendit,

213 531 277 572 cui
318 531 486 572 noxium
527 533 593 573 est
628 532 738 572 retro
776 530 997 584 respicere,
1037 530 1227 583 scorpius
1266 532 1407 572 autem
1448 543 1494 572 ex
1539 543 1586 572 ea
1624 535 1740 585 parte

212 602 424 643 cauendus
457 605 533 654 est,
559 615 684 655 quam
716 604 966 643 uenenatam
999 604 1041 643 et
1073 601 1305 643 aculeatam
1340 604 1566 644 retrorsum
1601 602 1739 645 habet.

213 674 363 714 caritas
402 673 442 714 in
481 685 601 726 pane,
639 673 796 714 maior
839 673 966 714 enim
1012 673 1182 714 horum
1229 672 1415 714 caritas
1462 676 1504 714 et
1547 674 1587 714 in
1635 674 1739 715 cibis

210 745 359 798 utique
397 743 531 785 uincit
569 745 706 786 cetera
742 744 861 797 panis
899 744 1079 794 utilitas,
1118 743 1185 785 cui
1230 743 1464 786 contrarius
1510 747 1574 786 est
1616 745 1738 798 lapis.

209 816 406 870 quoniam
452 815 555 857 dura
598 815 723 857 corda
765 817 969 869 respuunt
1012 815 1242 865 caritatem,
1288 815 1378 857 siue
1423 815 1538 856 aliud
1581 815 1740 868 aliquid

211 887 510 942 congruentius
543 886 626 928 ista
658 886 909 940 significent,
936 889 1090 929 tamen.
1119 886 1190 940 qui
1222 887 1342 928 nouit
1374 886 1481 927 bona
1514 886 1609 927 data
1644 887 1738 927 dare

209 957 308 999 filiis
342 958 446 1007 suis,
479 959 618 1012 petere
651 970 726 999 nos
760 959 801 998 et
833 970 1027 1011 quaerere
1060 959 1102 998 et
1132 958 1301 1011 pulsare
1335 957 1565 1010 compellit.

271 1027 392 1080 Quod
431 1042 557 1083 quare
594 1028 734 1070 faciat.
769 1028 840 1082 qui
878 1029 1012 1079 nouit,
1047 1029 1148 1083 quid
1185 1028 1305 1070 nobis
1345 1029 1630 1070 necessarium
1669 1029 1738 1070 sit.

209 1101 454 1154 priusquam
488 1103 682 1154 petamus
716 1100 765 1141 ab
794 1112 855 1149 ρο,
883 1112 1054 1142 mouere
1080 1099 1263 1141 animum
1290 1102 1445 1153 potest.
1473 1100 1552 1141 nisi
1578 1100 1740 1141 intelle-

210 1184 374 1226 gamus,
403 1171 515 1225 quod
547 1171 742 1213 dominus
777 1174 818 1212 et
850 1170 953 1212 deus
985 1173 1128 1213 noster
1153 1183 1231 1213 non
1259 1171 1522 1213 uoluntatem
1552 1174 1737 1213 nostram

209 1243 289 1284 sibi
322 1242 427 1284 uelit
456 1242 729 1292 innotescere,
763 1255 887 1295 quam
920 1255 999 1284 non
1033 1244 1175 1296 potest
1204 1243 1410 1296 ignorare,
1450 1242 1522 1283 sed
1561 1243 1738 1284 exerceri

207 1313 249 1355 in
277 1313 535 1355 orationibus
563 1312 817 1354 desiderium
844 1315 1049 1363 nostrum,
1077 1325 1158 1367 quo
1190 1313 1405 1367 possimus
1438 1325 1600 1366 capere,
1627 1312 1739 1366 quod

208 1386 428 1438 praeparat
466 1384 573 1426 dare.
617 1384 723 1426 illud
763 1385 873 1426 enim
912 1385 1036 1426 ualde
1080 1397 1279 1439 magnum
1326 1387 1403 1433 est,
1450 1384 1523 1425 sed
1568 1397 1642 1426 nos
1687 1383 1738 1425 ad

210 1455 502 1509 accipiendum
551 1456 671 1510 parui
722 1458 764 1498 et
815 1457 982 1511 angusti
1033 1469 1194 1498 sumus.
1246 1456 1339 1498 ideo
1393 1456 1513 1498 nobis
1564 1455 1736 1497 dicitur:

209 1527 522 1578 Dilatamini‚
555 1541 611 1569 ne
645 1527 762 1569 sitis
795 1528 963 1583 iugum
999 1527 1240 1570 ducentes
1274 1541 1381 1569 cum
1419 1527 1735 1569 infidelibus.

209 1600 325 1639 tanto
358 1598 513 1652 quippe
546 1598 666 1649 illud,
700 1599 811 1653 quod
844 1599 967 1641 ualde
999 1612 1198 1654 magnum
1232 1602 1309 1650 est,
1344 1598 1471 1652 quod
1511 1611 1596 1640 nec
1631 1611 1736 1640 ocu-

328 1784 345 1818 1
374 1785 474 1819 Rom.
500 1784 533 1828 8,
559 1784 605 1818 24
679 1785 699 1819 3
726 1785 817 1819 Phil.
845 1785 878 1825 3,
908 1785 950 1819 13
1024 1786 1045 1820 6
1071 1784 1088 1819 Ι
1115 1784 1195 1820 Cor.
1224 1786 1278 1829 13,
1309 1785 1351 1820 13
1428 1785 1468 1819 11
1498 1785 1629 1819 Matth.
1658 1786 1689 1819 6.
1718 1785 1737 1817 8

210 1844 253 1878 15
279 1843 297 1878 Ι
324 1843 403 1879 Cor.
429 1844 462 1881 2.
490 1844 511 1878 9
587 1844 630 1878 18
657 1844 691 1878 ΙΙ
719 1843 799 1879 Cor.
825 1845 857 1888 6,
886 1844 1026 1879 13—14
1102 1845 1145 1879 19
1171 1844 1188 1879 Ι
1214 1843 1294 1880 Cor.
1322 1845 1356 1885 2,
1382 1844 1403 1879 9

255 1972 276 2006 2
303 1973 463 2017 scorpius
490 1975 544 2007 est
570 1973 602 2007 L
711 1974 732 2008 3
761 1974 995 2009 anterioriora
1026 1973 1056 2009 O
1163 1974 1186 2008 4
1213 1975 1269 2008 est
1295 1984 1376 2017 om.‚
1403 1985 1447 2008 m.
1477 1976 1500 2007 3
1527 1973 1575 2019 (.9›
1604 1973 1688 2007 add.
1717 1973 1743 2007 I

208 2032 229 2066 5
257 2036 326 2076 qua
354 2034 413 2074 (av
440 2035 547 2076 eras.)
581 2032 615 2067 V
637 2044 707 2077 qua
731 2032 936 2068 MFACP²
1123 2033 1337 2078 aculeatam]
1365 2033 1563 2067 aculeatam
1591 2032 1737 2066 caudam

207 2089 259 2125 Ρ2
418 2093 593 2126 retrorsus
631 2091 866 2127 ΗΡΚΡἹΙΡν
1031 2093 1051 2127 6
1091 2093 1236 2137 caritas]
1276 2092 1499 2137 significetur
1537 2093 1667 2126 caritas
1710 2092 1739 2126 O

255 2150 385 2185 maior·
406 2153 438 2193 (e
465 2152 571 2193 eras.)
596 2151 645 2185 M
737 2151 878 2197 horum]
907 2151 1080 2186 bonorum
1107 2151 1157 2186 P2
1243 2153 1261 2186 7
1288 2151 1381 2196 lapis
1409 2155 1464 2186 est
1493 2151 1522 2187 O
1601 2152 1622 2185 8
1650 2152 1738 2185 cari-

206 2213 320 2245 tatem
346 2214 520 2255 respuunt
548 2210 578 2246 O
656 2211 793 2257 aliquid
820 2210 918 2245 aliud
948 2212 977 2246 O
1002 2211 1099 2246 aliud
1127 2211 1257 2256 aliquis
1285 2211 1316 2244 L
1379 2212 1400 2246 9
1427 2211 1561 2255 tamen]
1592 2209 1684 2244 unde
1710 2210 1740 2244 Ο

211 2270 253 2304 10
280 2270 369 2314 suis]
396 2261 469 2304 fiis
497 2269 538 2303 K
629 2281 791 2316 pensare,
820 2281 910 2305 corr.
937 2271 1079 2316 pulsare
1112 2271 1143 2305 V
1218 2271 1257 2304 11
1288 2272 1412 2315 quare]
1442 2282 1502 2305 cur
1531 2271 1560 2305 O
1652 2270 1737 2303 facit

213 2326 244 2361 O
268 2327 404 2363 faciant
429 2330 464 2372 (n
492 2331 585 2373 exp.)
619 2329 651 2363 V
746 2330 846 2375 quid]
876 2330 935 2375 qui
962 2330 997 2364 P
1090 2330 1132 2364 12
1159 2331 1338 2375 petamus]
1367 2332 1486 2374 petam
1513 2334 1678 2374 petamus
1705 2330 1736 2362 A

211 2387 253 2422 13
280 2386 445 2422 dominus
472 2390 507 2421 et
533 2387 635 2433 deus]
664 2388 828 2422 dominus
855 2388 942 2423 deus
963 2389 998 2423 P
1021 2388 1222 2423 „dominus
1249 2388 1336 2423 deus
1362 2391 1464 2432 (ante
1483 2388 1645 2422 dominus
1665 2388 1737 2431 fui!

209 2450 257 2488 et,
283 2446 382 2491 quod
406 2458 450 2481 m.
479 2450 503 2481 2
525 2451 608 2491 post
634 2447 797 2482 (lominus
825 2448 926 2491 add.)
961 2447 983 2480 Ι
1004 2452 1040 2482 et
1066 2447 1230 2482 dominus
1257 2451 1294 2483 et
1319 2448 1405 2482 deus
1432 2449 1465 2482 L
1499 2447 1663 2481 dominus
1692 2446 1737 2479 Ι)1

211 2505 254 2539 14
280 2505 392 2540 uellet
417 2505 766 2541 HPKP¹IVMFA
877 2508 1063 2552 ignoscere
1089 2506 1123 2541 L
1195 2547 1200 2549 b
1233 2507 1358 2545 exceri,
1386 2519 1420 2542 α.
1447 2518 1490 2541 m.
1520 2505 1672 2539 exerceri
1700 2505 1739 2538 H

209 2575 370 2599 exercere
397 2564 430 2598 L
506 2565 547 2600 15
575 2577 762 2610 possumus
783 2566 830 2600 M
855 2569 914 2606 (m.
943 2569 960 2599 1
986 2577 1079 2602 corr.
1106 2567 1297 2612 possimus)
1318 2565 1404 2601 FP²
1430 2570 1516 2605 (ras.
1546 2565 1723 2610 possimus

210 2623 253 2658 16
280 2627 481 2668 praeperat,
508 2634 597 2658 corr.
625 2628 817 2669 praeparat
841 2624 882 2659 K
1016 2637 1185 2669 magnum
1215 2625 1319 2660 ualde
1350 2625 1380 2658 C
1515 2625 1558 2659 ad
1586 2635 1653 2658 om.
1681 2624 1736 2658 ΙΙ,

211 2682 253 2715 17
281 2683 491 2728 capiendum
522 2683 552 2717 Ο
576 2684 697 2727 flrm
776 2685 817 2718 18
844 2685 944 2719 scitis
970 2688 1001 2728 (c
1028 2687 1135 2727 eras.)
1161 2685 1200 2719 F
1270 2684 1435 2719 fidelibus
1462 2684 1500 2718 1³
1573 2685 1615 2718 19
1643 2683 1736 2728 quod

207 2750 274 2775 om.
299 2742 329 2776 Ο
402 2741 506 2776 ualde
532 2753 714 2787 magnum,
740 2755 785 2778 m.
810 2746 833 2777 3
857 2747 931 2778 tam
959 2743 1064 2778 ualde
1090 2754 1259 2787 magnum
1279 2743 1326 2777 Ι)ι
1354 2754 1520 2786 magnum
1544 2742 1647 2776 ualde
1673 2742 1736 2777 OL

259 2799 351 2845 quod
380 2811 444 2835 nec
472 2801 595 2836 oculus
622 2801 715 2835 uidit
743 2813 822 2845 om„
851 2803 887 2836 in
916 2813 1028 2846 maru.
1056 2814 1099 2836 m.
1129 2805 1153 2835 3
1181 2802 1265 2838 add,
1293 2802 1338 2836 Ρι
