1952 3118
131 918 165 942 10

135 1272 165 1297 15

134 1628 165 1653 20

673 146 689 168 e
705 135 784 178 pis
798 136 814 168 t
830 134 877 168 ul
892 145 911 168 a
925 145 941 168 r
955 145 1025 168 11111
1065 133 1220 170 CXLIX.
1628 138 1710 180 377

188 263 328 316 quaeri
363 263 483 311 solet,
505 264 647 304 utrum
674 263 714 304 in
741 262 832 304 eius
855 275 1025 316 corpore
1053 276 1102 304 an
1131 264 1274 318 potius
1302 264 1343 306 in
1376 265 1547 307 illorum
1576 265 1711 308 oculis

186 334 345 388 aliquid
376 335 536 375 factum
571 333 640 384 sit,
667 346 748 387 quo
776 347 855 375 non
882 337 1028 387 posset
1053 335 1239 389 agnosci.
1268 348 1364 377 cum
1392 337 1502 378 enim
1534 337 1710 392 legitur:

186 405 502 447 Tenebantur
546 404 682 447 oculi
727 417 912 454 eorum,
958 418 1014 447 ne
1059 410 1389 459 agnoscerent
1427 420 1550 459 eum,
1582 408 1713 462 impe-

187 477 421 518 dimentum
455 476 665 530 quoddam
699 476 956 531 agnoscendi
989 477 1159 519 uidetur
1189 478 1230 519 in
1275 478 1508 520 luminibus
1553 480 1713 521 factum

189 561 281 590 esse
314 548 593 595 cernentium;
640 560 736 590 cum
774 560 874 589 uero
914 551 1055 602 aperte
1101 548 1202 590 alibi
1241 549 1415 591 dicitur:
1466 551 1714 603 Apparuit

188 620 258 662 eis
304 619 350 660 in
391 618 489 660 alia
529 618 719 673 effigie,
753 618 901 671 utique
935 620 974 659 in
1009 620 1102 673 ipso
1135 631 1322 673 corpore,
1356 620 1478 662 cuius
1513 621 1595 662 alia
1627 625 1716 663 erat

187 690 363 745 effigies,
397 689 556 742 aliquid
594 689 753 731 factum
793 689 940 739 fuisse,
987 703 1068 742 quo
1113 689 1417 744 impedimento
1461 693 1715 741 tenerentur,

187 762 229 803 id
262 763 327 803 est
357 773 517 802 moram
559 760 815 816 agnoscendi
852 763 1095 814 paterentur
1126 761 1240 803 oculi
1277 761 1463 804 illorum.
1521 763 1594 804 sed
1639 775 1715 817 ego

189 833 328 882 miror,
374 845 470 874 cum
516 832 598 874 duo
645 832 729 874 sint
772 832 814 873 in
861 844 1047 885 corpore,
1094 832 1249 885 quibus
1293 833 1502 887 cuiusque
1554 834 1715 888 species

189 906 454 959 agnoscatur,
487 903 733 945 liniamenta
765 905 808 945 et
833 903 959 951 color,
986 915 1061 944 cur
1087 905 1181 944 ante
1213 904 1577 946 resurrectionem.
1607 905 1716 957 quod

189 976 230 1016 in
263 977 405 1016 monte
437 975 498 1016 ita
529 974 855 1028 transfiguratus
890 977 968 1025 est,
1002 977 1050 1015 ut
1087 974 1208 1016 fieret
1251 975 1399 1016 uultus
1445 975 1536 1017 eius
1583 975 1717 1028 splen-

189 1046 314 1088 didus
348 1046 459 1087 sicut
492 1046 570 1095 sol,
604 1045 814 1086 neminem
846 1047 992 1086 mouet
1030 1057 1127 1086 eum
1172 1058 1307 1098 usque
1352 1045 1404 1086 ad
1448 1047 1608 1087 tantam
1654 1059 1717 1087 ex-

190 1117 425 1159 cellentiam
447 1116 626 1171 fulgoris
649 1119 691 1157 et
710 1116 818 1157 lucis
840 1116 1023 1158 colorem
1046 1117 1112 1157 sui
1133 1116 1318 1170 corporis
1338 1119 1503 1158 mutare
1525 1117 1717 1170 potuisse

191 1191 234 1230 et
264 1191 362 1243 post
385 1187 734 1230 resurrectionem
762 1190 908 1229 mouet
933 1188 1204 1240 aliquatenus
1237 1187 1486 1229 liniamenta
1513 1193 1715 1230 mutasse.

192 1263 239 1301 ut
270 1272 349 1301 non
386 1261 534 1313 posset
571 1259 758 1313 agnosci,
805 1260 847 1299 et
889 1271 1037 1300 rursus
1077 1258 1221 1300 eadem
1261 1259 1476 1312 potentiae
1514 1260 1718 1301 facilitate

192 1331 304 1373 sicut
335 1334 436 1372 tunc
467 1330 692 1384 pristinum
726 1329 909 1372 colorem
944 1330 1004 1372 sic
1039 1332 1081 1371 et
1112 1333 1210 1384 post
1248 1330 1599 1372 resurrectionem
1637 1331 1720 1384 pri-

192 1402 301 1444 stina
336 1402 582 1443 liniamenta
618 1413 857 1443 reuocasse.
910 1414 1003 1442 nam
1051 1404 1093 1443 et
1136 1401 1199 1442 illi
1244 1406 1330 1442 tres
1370 1401 1584 1455 discipuli.
1625 1405 1719 1443 ante

191 1485 366 1527 quorum
389 1473 536 1514 oculos
557 1472 597 1513 in
619 1475 760 1514 monte
780 1472 1106 1526 transfiguratus
1122 1474 1199 1523 est,
1216 1485 1294 1514 non
1317 1485 1411 1514 eum
1429 1476 1718 1527 agnoscerent,

192 1544 228 1585 si
261 1543 311 1584 ad
344 1556 416 1585 eos
449 1544 548 1584 talis
588 1543 756 1584 aliunde
801 1543 1009 1589 uenisset:
1063 1543 1137 1585 sed
1184 1544 1282 1597 quia
1327 1556 1424 1584 cum
1468 1543 1543 1585 illo
1590 1548 1719 1585 erant.

190 1614 331 1668 ipsum
364 1627 457 1656 esse
491 1615 725 1656 certissime
758 1614 1006 1655 retinebant.
1042 1616 1084 1656 at
1116 1614 1225 1655 enim
1259 1627 1411 1668 corpus
1444 1614 1585 1667 ipsum
1619 1619 1720 1657 erat.

192 1685 233 1727 in
266 1699 347 1739 quo
380 1685 621 1727 resurrexit.
654 1686 756 1739 quid
787 1686 867 1726 hoc
900 1685 951 1726 ad
983 1688 1100 1727 rem?
1133 1698 1227 1727 nam
1259 1686 1367 1727 illud
1400 1685 1547 1739 utique
1580 1686 1719 1740 ipsum

194 1769 344 1810 corpus
373 1759 471 1799 erat.
506 1757 546 1797 in
575 1769 657 1810 quo
691 1757 731 1797 in
758 1759 901 1798 monte
927 1756 1251 1811 transfiguratus
1280 1759 1358 1807 est,
1394 1759 1434 1798 et
1465 1756 1608 1811 ipsum
1636 1761 1723 1798 erat

193 1828 373 1877 iuuenis,
405 1829 445 1870 in
480 1840 561 1882 quo
595 1830 718 1870 natus
753 1831 831 1877 est,
873 1830 915 1869 et
959 1832 1113 1870 tamen,
1160 1828 1195 1869 si
1242 1828 1337 1882 quis
1383 1840 1481 1869 eum
1525 1828 1722 1870 iuuenem

314 1958 334 1989 :3
362 1956 445 1991 Luc.
472 1956 528 1996 24,
553 1957 595 1991 16
646 1957 666 1990 5
686 1955 794 1989 Marc.
826 1955 879 1995 16,
906 1955 947 1988 12
1002 1955 1043 1989 10
1069 1954 1201 1989 Matth.
1232 1955 1287 1995 17,
1317 1955 1424 1995 1—2;
1446 1954 1555 1989 Marc.
1578 1955 1610 1998 9,
1634 1955 1723 1988 1—‘2

243 2028 263 2060 ‘2
291 2027 385 2071 quod
413 2027 455 2061 H
575 2027 743 2071 agnosci*
763 2027 855 2070 (suit
881 2028 910 2068 t)
937 2027 970 2059 A
1070 2027 1090 2059 5
1119 2025 1204 2060 alibi
1232 2029 1354 2070 aperte
1380 2025 1422 2059 K
1516 2027 1536 2059 6
1564 2026 1617 2059 uti
1644 2036 1724 2070 quo,

198 2099 240 2120 m.
267 2090 291 2120 2
317 2087 407 2131 utiq,
437 2086 470 2121 G
569 2087 589 2121 8
617 2097 737 2120 eorum
772 2085 847 2119 VK
979 2096 1043 2130 ego
1069 2096 1096 2119 s.
1127 2097 1160 2119 ιι.
1187 2097 1230 2119 m.
1259 2088 1278 2118 1
1310 2084 1341 2118 V
1436 2085 1457 2119 9
1485 2084 1553 2119 duo
1580 2096 1659 2121 om..
1685 2084 1725 2117 in

198 2156 308 2190 ηιαιῃ.
335 2157 379 2179 m.
401 2149 431 2179 1·
446 2144 531 2179 add.
560 2145 593 2178 V
687 2143 757 2178 (luo
784 2144 857 2178 sint
882 2144 934 2187 in]
964 2143 1053 2178 duos
1080 2144 1115 2178 in
1142 2144 1190 2183 in,
1218 2155 1262 2177 m.
1284 2146 1309 2178 2
1334 2143 1403 2177 duo
1431 2144 1503 2177 sint
1528 2144 1563 2177 in
1591 2154 1660 2177 uno
1681 2143 1729 2177 M

201 2205 238 2238 11
266 2210 387 2239 monte
414 2203 456 2238 K
529 2203 840 2248 splendidissimus
868 2214 901 2236 m
954 2203 995 2237 12
1023 2202 1075 2236 sol
1103 2205 1139 2237 et
1165 2203 1342 2237 neminem
1370 2202 1463 2247 Eas).
1492 2206 1549 2245 (ew
1575 2201 1727 2237 Knoelle‘

198 2263 340 2307 anaidem
365 2264 434 2306 ed.)
532 2264 668 2307 mouet]
695 2274 739 2296 110
759 2270 866 2307 (στρ.)
895 2266 1017 2296 mouet
1044 2261 1075 2295 V
1169 2265 1292 2296 mouet
1318 2274 1398 2296 cum
1425 2262 1586 2307 potuisse
1613 2273 1725 2306 usquc

200 2323 301 2357 codd.
327 2327 449 2357 mouet
476 2333 554 2357 eum
583 2333 695 2366 usque
722 2321 802 2355 edd.
829 2327 951 2355 mouet
979 2332 1090 2366 usque
1118 2321 1212 2366 Euy.
1290 2322 1333 2356 13
1360 2322 1515 2365 mutare]
1544 2332 1623 2355 euru
1650 2331 1724 2354 11111-

199 2386 275 2416 tare
300 2383 393 2426 Euy.
474 2383 634 2427 potuisse
662 2381 729 2415 dcl.
756 2381 804 2415 M
876 2382 918 2415 14
945 2385 1086 2415 mutata
1113 2392 1189 2415 esse
1216 2380 1319 2415 codd.
1347 2381 1426 2415 edd.
1454 2386 1611 2414 mutasse
1632 2380 1725 2423 Eua.

203 2441 245 2475 15
271 2442 384 2486 possit
410 2439 575 2475 HMAK
599 2440 763 2484 Iiusye'ppc'
788 2440 864 2474 cod.
892 2440 1018 2474 Amor.
1134 2451 1272 2474 rursum
1299 2439 1465 2474 HMAV
1486 2439 1566 2473 edd.
1665 2450 1726 2483 po-

202 2501 318 2534 tentia.
343 2508 380 2534 et
404 2500 447 2534 K
470 2503 618 2545 potente
644 2499 719 2533 HA
854 2499 1028 2533 facultate
1054 2498 1253 2534 HMAPG
1280 2498 1359 2532 edd.
1469 2499 1510 2532 16
1535 2502 1620 2532 tunc
1648 2509 1726 2532 om.

198 2562 282 2603 post
306 2560 497 2605 pristinum
523 2571 551 2594 8.
578 2571 612 2593 u.
641 2571 684 2595 m.
714 2562 730 2592 1
757 2559 842 2593 add.
876 2559 909 2592 V
959 2559 998 2593 17
1026 2562 1099 2593 tres
1125 2569 1205 2598 om„
1232 2570 1276 2592 m.
1304 2561 1329 2592 2
1356 2558 1441 2592 add.
1470 2557 1511 2590 J(
1561 2558 1601 2590 1⁸·
1629 2567 1725 2591 nien-

202 2624 238 2652 te
264 2618 306 2652 Η
398 2620 439 2653 19
467 2619 510 2663 si]
539 2619 600 2653 sed
632 2619 664 2653 G
762 2619 854 2652 tales
880 2618 921 2651 II
1017 2618 1062 2653 20
1088 2617 1145 2658 ad,
1174 2629 1217 2652 m.
1246 2616 1275 2651 2'
1296 2622 1334 2652 at
1363 2618 1396 2651 (ν’
1422 2622 1484 2650 aut
1512 2617 1553 2650 II
1577 2615 1666 2650 adeo
1692 2617 1726 2649 A

203 2678 248 2712 22
273 2678 308 2712 in
334 2681 469 2722 monte}
499 2684 630 2715 monte.
658 2691 700 2712 m.
730 2682 754 2712 :2
781 2680 814 2712 111
842 2680 964 2712 umntt·
990 2679 1025 2712 P
1077 2679 1122 2726 '233
1150 2678 1243 2722 0111111
1271 2689 1348 2712 cum
1378 2677 1499 2711 ΗΜΛ
1579 2678 1726 2720 repento

204 2738 367 2772 iuuenem
394 2738 473 2772 edd.
