1844 3122
8 1740 60 1780 13

64 972 95 997 10

64 2042 97 2066 25

610 187 963 232 epistularum
1003 187 1160 223 CXXVI.
1595 193 1647 234 17

121 333 290 361 munere
312 319 549 361 sanctitatis
573 318 936 372 praeminentium,
959 319 1258 360 monachorum
1281 318 1331 360 ad
1352 319 1650 372 perfectionem

122 390 411 433 mandatorum
446 390 603 432 Christi
634 403 772 431 rerum
805 389 930 431 etiam
959 402 1128 431 suarum
1158 389 1452 433 distributione
1486 404 1651 434 curren-

121 461 227 502 tium
261 461 380 515 quasi
414 460 689 515 disceptaturi
722 460 916 513 ponimus
951 460 1270 514 quaestionem?

180 531 287 573 Nam
327 532 428 586 quid
467 532 579 574 exilii
616 531 686 573 uel
724 531 1027 584 deportationis
1067 534 1140 573 aut
1177 531 1444 586 relegationis
1483 534 1652 576 nomine

120 603 327 657 promissa
358 603 431 644 illa
463 602 698 657 praesentia
730 604 1059 656 praegrauatur‘?
1094 602 1265 644 obsecro
1301 606 1355 645 te.
1388 606 1505 657 puto,
1539 605 1651 658 quod

121 674 425 728 presbyterium
460 686 539 715 non
573 675 639 715 est
670 673 855 715 exilium.
888 673 966 715 hoc
1006 685 1103 728 ergo
1142 676 1287 716 noster
1318 674 1493 729 eligeret
1525 688 1651 730 quam

120 744 227 786 illud
258 745 456 787 exilium?
491 745 602 787 absit
628 758 651 786 a
677 744 812 795 nobis,
845 746 892 785 ut
925 744 986 786 sio
1019 747 1190 786 sanctus
1218 744 1284 786 dei
1311 746 1353 786 et
1379 746 1499 787 nobis
1528 747 1654 789 caiis-

121 815 254 857 simus
288 815 548 866 defendatur,
581 815 705 865 absit,
738 815 924 868 inquam,
959 817 1007 857 ut
1045 815 1210 857 dicatur
1242 816 1446 858 maluisse
1480 817 1651 859 exilium

122 899 247 940 quam
267 887 573 941 presbyterium
602 888 676 928 aut
701 886 903 928 maluisse
930 887 1160 939 periurium
1187 899 1312 940 quam
1340 887 1523 930 exilium.
1551 888 1653 930 haec

123 956 317 1006 dicerem,
351 957 386 999 si
418 970 517 999 uere
544 970 567 998 a
593 956 713 998 nobis
741 960 813 998 aut
839 969 862 998 a
887 956 1043 1011 populo
1070 957 1223 999 iuratio
1251 957 1287 999 ei
1315 956 1469 999 fuisset
1495 960 1654 1001 extorta

122 1027 425 1082 promittendae
469 1027 748 1082 praesentiae;
795 1040 904 1069 nunc
948 1040 1047 1069 uero
1093 1040 1171 1069 non
1218 1030 1379 1071 extorta
1430 1031 1508 1078 est,
1555 1029 1652 1071 dum

121 1102 356 1153 negaretur,
397 1099 482 1150 sed,
524 1099 623 1141 dum
665 1099 895 1141 offerretur.
936 1102 1109 1152 accepta
1148 1102 1189 1141 et
1227 1100 1305 1142 hoc
1340 1112 1388 1142 ea
1421 1113 1508 1153 spe,
1543 1101 1656 1142 sicut

123 1183 249 1224 supra
281 1170 477 1221 diximus,
511 1170 606 1224 quin
640 1183 713 1224 per
743 1170 859 1211 illam
903 1170 1180 1223 praesentiam
1219 1170 1423 1213 creditum
1460 1174 1523 1213 est
1558 1185 1653 1214 euni

122 1241 247 1282 etiam
289 1240 340 1282 ad
380 1241 625 1283 clericatum
666 1241 983 1295 suscipiendum
1022 1254 1150 1295 posse
1190 1241 1526 1283 desiderantibus
1561 1255 1656 1283 oon·

83 1327 95 1349 a
125 1312 291 1354 sentire.
331 1315 558 1365 postremo,
592 1312 812 1366 quodlibet
850 1311 900 1354 de
940 1312 1061 1354 nobis
1101 1313 1171 1354 uel
1212 1312 1261 1354 de
1294 1313 1656 1367 Hipponiensibus

124 1383 343 1432 sentiatur,
382 1383 505 1438 longe
545 1384 626 1425 alia
666 1386 732 1425 est
772 1396 916 1426 eorum
957 1396 1097 1434 causa,
1138 1383 1208 1438 qui
1249 1384 1462 1438 coegerint
1507 1384 1656 1435 iurare,

124 1467 247 1507 quani
282 1467 438 1499 eorum.
473 1455 545 1508 qui
578 1469 656 1497 non
691 1455 828 1497 dicam
857 1455 1093 1509 coegerint,
1121 1454 1194 1496 sed
1223 1455 1431 1496 suaserint
1463 1455 1659 1509 peierare.

123 1526 215 1579 ipse
249 1526 390 1577 etiam,
424 1526 473 1567 de
507 1539 588 1580 quo
622 1527 774 1581 agitur,
809 1525 1071 1568 considerare
1110 1538 1189 1567 non
1229 1530 1391 1577 renuat,
1425 1529 1569 1567 utrum
1601 1526 1659 1568 sit

123 1596 243 1650 peius
272 1597 350 1639 sub
379 1597 570 1651 quolibet
595 1597 744 1639 timore
774 1598 839 1639 ius
867 1596 1088 1638 iurandum
1117 1610 1165 1639 an
1194 1599 1354 1639 remoto
1382 1596 1532 1638 timore
1565 1597 1658 1651 ipso

65 1683 86 1707 ει
123 1668 368 1722 periurium.

184 1739 271 1781 Deo
305 1740 475 1795 gratias,
509 1739 608 1794 quia
639 1752 719 1782 non
754 1739 876 1782 aliter
907 1739 1218 1793 Hipponienses
1257 1739 1515 1792 promissum
1550 1738 1659 1781 circa

124 1823 168 1852 se
200 1810 364 1865 impleri
398 1811 599 1860 sentiunt,
633 1824 757 1864 quam
785 1814 834 1852 ut
860 1811 972 1853 adsit
1003 1810 1224 1852 uoluntate
1257 1809 1476 1851 habitandi
1508 1811 1550 1851 et
1577 1811 1658 1861 eat,

124 1894 206 1935 quo
239 1894 410 1923 necesse
450 1882 590 1933 fuerit,
624 1894 722 1924 cum
761 1881 1039 1936 dispositione
1077 1881 1291 1923 redeundi.
1332 1893 1427 1922 nam
1462 1881 1497 1923 si
1530 1881 1660 1922 uerba

123 1952 343 1994 iurationis
388 1952 658 1995 adtenderent
703 1956 744 1995 et
788 1953 1012 2008 exigerent,
1057 1953 1172 1995 nullo
1217 1952 1342 1995 modo
1391 1964 1539 1993 seruus
1591 1951 1659 1993 dei

124 2023 316 2066 recedere
360 2037 485 2078 quam
530 2024 616 2066 ullo
661 2024 786 2067 modo
833 2024 977 2066 debuit
1021 2024 1220 2078 peierare.
1266 2023 1340 2065 sed
1373 2023 1471 2076 quia
1504 2021 1659 2064 crimen

125 2108 267 2137 eorum
313 2099 426 2138 esset
470 2109 549 2138 nou
596 2095 688 2137 dico
733 2095 860 2137 talem
899 2095 1038 2137 uirum
1074 2095 1147 2136 sed
1181 2094 1414 2148 quemlibet
1446 2093 1659 2135 hominem

126 2167 182 2208 sic
222 2169 376 2217 tenere,
415 2179 492 2208 nec
528 2166 611 2221 ipsi
650 2167 774 2208 aliam
813 2167 1145 2221 expectationem
1184 2178 1228 2207 se
1266 2165 1467 2207 habuisse
1511 2164 1659 2218 proba-

124 2241 288 2280 uerunt.
335 2238 405 2292 qui
450 2237 684 2289 audientes,
730 2238 842 2292 quod
886 2237 1098 2279 rediturus
1144 2236 1413 2286 abscesserit,
1458 2235 1659 2290 gratulati

127 2312 236 2351 sunt.
275 2321 350 2350 nec
388 2308 502 2350 aliud
543 2309 628 2350 illis
668 2321 793 2350 uerax
834 2308 986 2350 iuratio
1026 2308 1151 2349 debet
1189 2319 1313 2361 quam
1356 2306 1411 2353 id,
1453 2305 1565 2360 quod
1610 2305 1660 2346 ab

175 2437 189 2469 1
219 2436 541 2481 praeeminentium
574 2436 608 2471 U
631 2435 711 2472 edd.
735 2440 883 2480 praeter
910 2447 928 2470 r
1025 2436 1045 2469 2
1072 2447 1186 2469 rerum
1215 2446 1282 2469 om.
1316 2433 1350 2468 U
1445 2434 1465 2467 5
1493 2444 1661 2478 praegra-

127 2500 256 2530 uantur
288 2495 323 2530 U
390 2496 411 2529 6
440 2496 510 2539 est]
539 2501 556 2529 e
584 2506 602 2529 x
630 2502 662 2538 (x
692 2503 784 2539 exp.)
820 2494 854 2529 U
926 2496 944 2529 7
973 2495 1038 2539 sic]
1069 2495 1115 2528 sit
1147 2494 1182 2529 U
1267 2494 1309 2528 15
1335 2492 1593 2538 ipponensibus
1628 2490 1660 2523 V

127 2555 418 2600 Hipponensibus
445 2554 524 2590 edd.
650 2555 690 2588 17
720 2554 798 2588 dico
826 2554 905 2589 ecld.
1012 2553 1173 2598 cogeiiut
1208 2553 1238 2586 V
1262 2556 1320 2595 (m.
1350 2555 1374 2586 2
1401 2551 1599 2596 coegerint)
1632 2549 1664 2583 U

128 2616 169 2648 19
195 2614 323 2649 timore
350 2615 465 2659 ipsum
490 2615 596 2658 flsr
622 2614 699 2659 ipso
730 2613 858 2647 timore
885 2625 938 2657 m,
992 2614 1033 2647 21
1066 2615 1281 2657 ipponenses
1316 2610 1386 2645 VU
1411 2610 1661 2655 Hipponenses

125 2674 203 2708 edd.
279 2673 323 2707 213
350 2674 568 2708 necessitate
595 2674 677 2715 (itat
707 2675 801 2716 exp.)
826 2672 863 2708 R
936 2673 981 2706 24
1008 2672 1123 2716 nullo}
1152 2676 1226 2705 tam
1253 2670 1352 2704 nullo
1380 2669 1459 2704 edel.
1534 2669 1579 2703 25
1606 2679 1660 2701 re-

126 2732 269 2767 cederet
302 2732 371 2767 VU
443 2743 549 2776 quain
577 2732 665 2774 ullo,
694 2743 736 2765 m.
766 2734 791 2765 2
818 2731 903 2777 quia
928 2731 1027 2765 nullo
1062 2730 1093 2763 V
1165 2731 1345 2774 periurare
1379 2727 1411 2761 ζ’
1459 2727 1503 2761 29
1531 2726 1661 2760 iuratio

126 2792 191 2836 bis,
220 2793 378 2827 alterum
404 2802 482 2836 exp.
515 2791 546 2826 T

162 2876 330 2902 xxxxiiii
344 2876 421 2907 Aug.
436 2880 507 2901 sect.
523 2874 550 2899 11
573 2881 639 2906 pm
655 2873 670 2899 3
1594 2857 1613 2883 ’·-’
