1844 3122
83 959 114 984 10

84 1316 115 1341 15

81 1670 115 1694 ‘20

635 171 987 216 epistularum
1026 170 1182 206 CXXIX.
1617 175 1672 215 39

143 314 191 343 ne
224 302 345 350 forte,
379 301 491 354 quod
531 300 656 351 absit,
689 301 767 342 hoc
807 303 1076 354 praeparetur
1114 301 1271 353 potius,
1306 301 1418 354 quod
1456 314 1671 351 canemus,

144 384 268 425 quam
302 372 412 426 quod
445 374 656 425 optamus,
697 372 756 413 sic
797 371 1083 414 consentimus
1116 371 1264 413 adesse
1298 384 1442 413 omnes
1475 372 1586 422 illos,
1625 375 1674 414 ut

142 451 280 484 tamen
308 456 331 483 a
357 443 477 484 nobis
504 446 647 484 tantus
675 442 786 484 adsit
807 455 1021 491 numerus,
1043 445 1225 495 quantus
1247 446 1344 484 tuae
1369 443 1673 497 spectabilitati

143 514 335 555 sufficere
366 514 486 554 uisus
521 516 599 562 est,
632 516 679 555 ut
710 513 1023 555 tumultuosum
1058 527 1131 567 per
1162 514 1307 555 turbas
1342 514 1377 555 si
1410 514 1511 567 quid
1544 527 1671 557 emer-

142 585 258 634 serit,
296 585 461 626 nounisi
501 584 559 626 eis
598 586 711 626 recte
748 584 980 638 inputetur,
1019 584 1058 625 in
1100 596 1276 638 quorum
1316 587 1431 638 parte
1475 597 1671 638 praesens

140 656 267 697 fuerit
305 655 355 696 ad
398 668 500 704 1-0111,
540 667 646 708 quae
679 668 702 696 a
733 655 880 708 paucis
926 655 1086 709 agenda
1130 660 1207 706 est,
1248 656 1416 697 01110100
1462 656 1675 710 superflua

142 726 384 768 multitudo.
437 726 473 768 si
526 728 680 776 autern,
733 726 845 780 quod
895 726 1008 767 uotis
1060 726 1254 768 omnibus
1306 727 1514 781 cupimus,
1560 727 1674 780 quod

141 797 330 839 ardenter
375 797 627 851 appetimus,
667 796 779 850 quod
824 797 1073 851 suppliciter
1110 809 1133 838 a
1172 797 1339 839 domino
1385 797 1672 851 deprecamur,

141 882 267 911 causa
305 868 481 909 unitatis
526 868 740 909 faciendae
781 868 852 909 illa
890 868 969 909 erit
1010 869 1245 910 necessaria
1289 868 1534 918 multitudo,
1576 882 1671 910 cum

141 939 366 991 noluerint,
393 952 538 980 omnes
564 939 775 980 aderimus
803 942 845 980 et
871 939 921 980 ad
953 941 1117 980 tantum
1146 940 1301 981 bonum
1330 939 1402 980 illo
1431 939 1672 981 adiuuante.

141 1011 211 1064 qui
232 1011 310 1052 hoc
332 1010 471 1061 donat,
493 1010 685 1051 alacriter
705 1010 1023 1052 conuolabimus
1045 1010 1248 1052 dicentes:
1270 1010 1483 1052 ‘Fratres
1511 1012 1670 1056 nostri

142 1082 282 1124 estis'
315 1094 396 1122 11011
435 1081 518 1122 iam
558 1081 632 1124 eis.
667 1081 737 1134 qui
775 1094 850 1122 nos
893 1081 1168 1132 detestantur,
1202 1081 1275 1122 sed
1314 1081 1385 1134 qui
1425 1081 1519 1123 odio
1552 1081 1671 1122 finIto

142 1153 470 1206 amplectuntur,
502 1154 556 1194 ut
592 1165 777 1193 nomen
817 1152 1012 1193 domini
1057 1152 1466 1194 honorificetur
1506 1155 1555 1194 et
1593 1165 1671 1206 ap·

141 1226 329 1277 pareat
359 1223 481 1264 illis
512 1223 556 1264 in
591 1223 942 1265 iucunditate
975 1223 1057 1264 iam
1093 1223 1311 1264 nobiscum
1346 1223 1669 1277 experientibus,

143 1308 295 1349 quam
337 1295 530 1336 bonum
571 1294 627 1336 sit
672 1297 721 1336 et
767 1294 1060 1336 iucundum
1105 1294 1307 1336 fratres
1352 1294 1670 1335 habitantes

142 1367 189 1407 in
223 1378 393 1407 0110111.

203 1434 270 1492 [Et
303 1436 384 1477 alia
416 1434 578 1492 11100οε]
615 1435 822 1489 Optamus
855 1440 911 1486 te,
946 1436 1017 1486 fili,
1051 1436 1091 1477 in
1126 1436 1201 1477 deo
1235 1436 1339 1477 bene
1372 1437 1525 1477 ualere.

202 1506 322 1564 [Item
363 1507 443 1548 alia
483 1506 645 1563 manut]
686 1507 883 1548 Aurelius
924 1507 1148 1561 episcopus
1189 1507 1391 1549 ecclesiae
1437 1506 1667 1548 catholicae

143 1578 483 1632 Carthaginensis
518 1579 763 1632 subscripsi.

199 1647 359 1705 [Itemtj
408 1648 606 1691 Siluanus
650 1650 809 1702 primae
855 1649 967 1691 sedis
1013 1649 1254 1703 prouinciae
1299 1648 1524 1690 Numidiae
1571 1648 1667 1690 sub-

142 1720 306 1774 scripsi.

262 1849 299 1882 11
330 1848 389 1884 Es.
417 1848 474 1892 66,
501 1850 521 1882 5
548 1859 615 1882 sec.
646 1847 817 1894 Septuag.
895 1848 938 1882 14
964 1848 1022 1882 Ps.
1051 1848 1129 1887 132,
1160 1848 1175 1882 1

187 1966 208 1998 ’2
236 1965 286 1999 sic
312 1976 379 1999 om.
408 1976 439 1998 m
515 1968 534 2000 >3
563 1965 730 2009 1101101113,
758 1976 801 1999 m.
824 1968 843 1998 1
869 1975 958 1999 corr.
987 1964 1190 2010 adpetimus
1210 1966 1246 1999 P
1313 1965 1351 2000 11
1382 1965 1666 2007 conuolauimus,

142 2036 184 2058 m.
215 2026 238 2058 3
264 2024 533 2058 conuolabimus
559 2024 595 2058 P
668 2025 711 2058 19
738 2025 899 2069 carthag'
927 2025 1101 2059 subserib'
1129 2025 1165 2058 P
1237 2025 1281 2059 20
1309 2025 1349 2059 it'
1377 2025 1413 2058 P
1507 2024 1608 2070 prou'
1634 2025 1668 2058 P
