1952 3118
23 522 74 564 18

75 965 109 989 10

77 1318 108 1344 15

74 1674 109 1699 20

610 180 961 225 epistularum
1000 178 1192 215 CXLVIII.
1585 182 1668 223 347

139 310 186 350 ut
231 308 397 349 interim
449 309 499 350 de
552 309 715 351 uisione
767 310 833 351 dei
885 310 1118 351 secundum
1167 309 1405 352 interiorem
1455 309 1666 351 hominem

137 379 361 421 certissimi
404 380 549 422 simus.
588 380 624 421 si
662 383 802 422 autem
841 381 968 422 etiam
1007 393 1157 434 corpus
1195 381 1302 422 mira
1339 381 1667 422 commutatione

137 451 214 493 hoc
247 451 441 501 ualuerit,
475 451 589 493 aliud
622 451 806 501 accedet,
840 465 919 494 non
953 451 1060 493 illud
1092 452 1303 494 abscedet.

194 522 349 564 Melius
383 535 481 577 ergo
514 523 554 564 id
589 523 872 572 adfirmamus,
907 523 1017 564 unde
1050 523 1222 564 minime
1257 523 1515 573 dubitamus,
1556 524 1668 577 quod

135 594 259 635 homo
298 593 470 635 interior
507 593 671 636 uidebit
708 594 847 643 deum,
894 594 965 648 qui
1004 594 1128 636 modo
1175 594 1292 636 solus
1337 597 1478 648 potest
1522 594 1666 636 uidere

136 665 366 715 caritatem,
407 678 512 718 quae
551 678 646 707 cum
684 665 940 717 laudaretur,
980 665 1141 708 dictum
1180 667 1262 707 est:
1310 666 1441 707 Deus
1482 667 1665 707 caritas

137 738 226 786 est,
261 736 377 778 solus
410 738 553 790 potest
586 736 725 778 uidere
759 750 926 790 pacem
961 739 1012 778 et
1045 737 1526 786 sanctificationem,
1560 737 1665 778 sine

136 820 227 860 qua
271 819 407 848 nemo
454 807 642 860 poterit
684 807 856 848 uidere
901 807 1058 848 deum.
1105 819 1239 860 neque
1282 807 1392 847 enim
1432 807 1664 858 caritatem,

135 890 293 932 pacem,
333 878 707 920 sanctificationem
746 880 787 919 et
825 878 861 919 si
900 891 982 931 qna
1021 878 1176 919 similia
1220 878 1339 919 uidet
1381 877 1507 920 modo
1553 878 1665 920 ullus

136 948 283 991 oculus
316 949 472 998 carnis;
507 962 613 1002 quae
645 951 784 990 tamen
822 949 962 991 omnia
994 950 1076 991 iam
1111 949 1241 999 uidet,
1275 953 1477 1002 quantum
1511 952 1665 1003 potest,

135 1019 284 1062 oculus
317 1020 468 1062 mentis
502 1022 619 1061 tanto
653 1020 800 1074 purius
836 1022 991 1074 quanto
1025 1020 1181 1074 purior,
1213 1022 1263 1062 ut
1288 1020 1377 1061 sine
1404 1020 1665 1062 dubitatione

134 1091 257 1133 deum
296 1104 373 1133 nos
412 1092 582 1133 uisuros
622 1104 714 1133 esse
753 1091 988 1142 credamus,
1028 1092 1119 1133 siue
1157 1091 1423 1133 inueniamus
1462 1092 1553 1133 siue
1586 1104 1663 1133 non

132 1162 410 1212 inueniamus,
445 1162 556 1216 quod
582 1162 631 1204 de
665 1162 867 1215 qualitate
900 1162 1031 1203 futuri
1064 1163 1249 1216 corporis
1282 1163 1536 1216 quaerimus,
1569 1175 1663 1204 cum

132 1236 271 1275 tamen
305 1247 455 1288 corpus
488 1237 822 1277 resurrecturum
857 1236 899 1275 et
932 1234 1152 1275 inmortale
1186 1236 1311 1287 atque
1346 1233 1664 1287 incorruptibile

134 1305 321 1346 futurum
361 1319 439 1347 non
479 1305 758 1359 ambigamus,
799 1305 993 1358 quoniam
1034 1304 1130 1346 hinc
1170 1307 1408 1346 sanctarum
1442 1304 1665 1358 scriptura-

133 1389 224 1416 rum
252 1376 481 1418 sententias
509 1376 796 1430 apertissimas
824 1376 1174 1428 firmissimasque
1195 1376 1439 1418 retinemus.
1467 1376 1502 1417 si
1523 1379 1663 1418 autem

133 1447 213 1488 iste
246 1447 385 1497 frater,
420 1446 532 1500 qnod
565 1447 613 1488 de
648 1447 826 1501 spiritali
860 1459 1030 1501 corpore
1064 1447 1200 1488 adhuc
1239 1447 1420 1500 requiro,
1463 1447 1545 1488 iam
1584 1446 1665 1488 sibi

132 1517 271 1559 firmat
308 1531 400 1559 esse
440 1518 738 1569 certissimum,
778 1518 859 1560 nisi
898 1518 1089 1572 placidus
1129 1518 1299 1559 audiero
1340 1518 1560 1560 docentem
1592 1519 1664 1564 ita,

134 1590 181 1630 ut
207 1588 277 1629 ille
311 1601 477 1642 quoque
510 1588 702 1641 placidus
735 1602 801 1630 me
835 1588 979 1630 audiat
1010 1588 1305 1641 inquirentem,
1338 1588 1523 1637 habebit,
1558 1589 1666 1630 unde

133 1659 222 1701 iure
255 1665 513 1701 suscenseat.
547 1672 657 1700 nunc
689 1661 828 1702 tamen
862 1673 936 1713 per
969 1659 1183 1702 Christum
1217 1660 1404 1712 obsecro,
1437 1662 1486 1701 ut
1518 1660 1567 1701 de
1594 1660 1666 1701 illa

135 1730 359 1783 asperitate
390 1731 625 1772 litterarum
658 1743 859 1780 mearum,
893 1743 975 1784 qua
1008 1743 1103 1772 eum
1130 1744 1209 1772 non
1236 1731 1431 1772 inmerito
1460 1732 1663 1773 offensum

136 1814 228 1842 esse
267 1801 408 1851 didici,
453 1801 620 1842 ueniam
659 1801 762 1843 mihi
802 1801 852 1843 ab
891 1802 965 1843 illo
1007 1801 1207 1855 impetres
1254 1804 1296 1843 et
1339 1814 1405 1843 me
1449 1801 1665 1855 rescriptis

137 1872 304 1914 domino
337 1872 564 1913 adiuuante
593 1872 809 1915 laetifices.

254 2000 275 2033 6
302 1999 421 2034 110h.
447 2000 481 2043 4,
507 2000 546 2041 8;
576 2000 619 2034 16
694 2000 712 2034 7
740 1999 848 2035 Hebr.
880 2000 934 2041 12,
965 2000 1007 2034 14

187 2084 201 2117 1
231 2082 376 2117 interim
403 2085 444 2117 ut
470 2083 503 2116 A
531 2083 674 2117 interim
700 2085 782 2126 (om.
810 2086 864 2125 nt)
892 2082 966 2117 FP
1074 2082 1255 2117 hominem
1282 2094 1350 2118 om.
1376 2082 1413 2117 P
1530 2083 1551 2117 2
1580 2083 1666 2117 certi

138 2141 225 2176 P¹V
309 2143 330 2176 3
357 2142 496 2177 accedit
523 2154 592 2176 non
620 2142 709 2176 illud
737 2142 900 2177 abscedit
925 2142 999 2176 FA
1083 2143 1106 2177 4
1132 2154 1217 2187 ergo
1244 2153 1313 2178 om.
1339 2142 1375 2178 R
1471 2141 1561 2177 illud
1587 2142 1666 2177 edd.

139 2201 157 2234 7
184 2202 259 2236 sine
287 2202 729 2247 qua-sanctificationem
757 2212 824 2236 om.
850 2202 886 2236 A
960 2202 981 2236 8
1008 2201 1131 2236 uidere
1158 2202 1294 2246 poterit
1320 2201 1368 2236 P¹
1394 2204 1518 2247 potest
1543 2200 1666 2236 uidere

139 2260 216 2295 edd.
362 2272 485 2305 pacem
512 2261 699 2295 caritatem
726 2260 816 2295 P¹V
934 2261 955 2295 9
984 2261 1066 2305 qua]
1095 2272 1166 2306 qua
1192 2264 1276 2295 sunt
1301 2261 1381 2295 edd.
1508 2261 1550 2295 10
1577 2272 1659 2294 ocu-

139 2320 193 2354 lus
230 2320 361 2355 mentis
401 2323 573 2365 quantum
607 2323 727 2365 potest
759 2319 851 2354 P¹V
886 2324 1060 2365 quantum
1100 2323 1221 2365 potest
1253 2321 1385 2355 mentis
1425 2320 1548 2354 oculus
1587 2319 1666 2354 edd.

142 2379 184 2413 14
211 2382 246 2413 et
271 2379 306 2415 R
405 2380 448 2414 15
475 2379 533 2414 hic
559 2379 599 2414 F
691 2379 737 2413 20
763 2379 899 2423 tamen]
928 2381 1047 2414 autem
1074 2379 1111 2413 P
1200 2380 1245 2413 22
1273 2378 1362 2413 dicis
1388 2378 1427 2413 F
1451 2378 1522 2412 dixi
1549 2379 1583 2412 Α
1610 2378 1665 2412 dic·

140 2441 198 2481 (=
225 2438 325 2483 dicit)
351 2439 386 2473 P
433 2439 478 2472 23
500 2439 645 2484 explicit
671 2438 981 2473 commonitorium
1008 2438 1123 2473 sancti
1150 2438 1310 2483 agustini
1337 2438 1496 2483 episcopi
1524 2437 1568 2471 ad
1594 2437 1665 2471 for-

141 2498 365 2532 tunatianum
398 2498 436 2532 F
471 2498 616 2543 explicit
654 2498 965 2532 commonitorium
1005 2497 1120 2532 sancti
1153 2497 1338 2542 augustini
1373 2497 1416 2531 ad
1451 2496 1665 2530 fortunatia-

141 2567 223 2590 num
250 2556 284 2590 P
