1952 3118
59 1444 115 1484 JV
148 1445 198 1484 12

236 246 319 286 620
707 242 741 277 S.
781 242 964 275 Aureli
1002 242 1293 286 Augustini

234 374 390 414 tionem
426 372 672 425 spiritalem,
714 384 819 425 quae
851 372 899 413 fit
930 386 1003 425 per
1035 373 1190 414 formas
1224 373 1487 426 incorporeas
1522 374 1765 427 corporibus

235 444 407 485 similes.
448 457 552 496 quae
593 444 774 484 discerni
809 444 976 485 omnino
1010 457 1090 484 11011
1126 446 1318 497 possunt.
1359 445 1439 485 nisi
1474 445 1616 486 diuino
1652 445 1766 486 adiu-

234 516 339 557 torio
386 516 549 569 plenius
590 516 829 556 reuelentur
869 519 909 556 et
948 515 1101 556 mentis
1141 516 1429 570 intellegentia
1471 516 1766 557 diiudicentur.

234 587 303 627 uix
325 587 547 640 aliquando
577 600 669 628 cum
697 587 816 636 fiunt,
845 587 918 627 sed
946 588 1193 641 plerumque
1221 589 1368 641 postea
1395 600 1490 628 cum
1516 587 1769 629 transierint.

235 671 340 711 quae
380 671 475 698 cum
514 658 574 698 ita
614 658 711 708 sint,
754 658 843 698 31116
884 659 924 698 111
968 659 1128 699 naturis
1163 659 1347 711 corporis
1383 659 1472 699 siue
1507 659 1596 700 sola
1630 659 1768 711 specie

235 730 438 782 corporali
466 733 615 770 natura
642 732 783 770 autem
812 730 991 783 spiritali
1019 733 1159 772 nostro
1195 730 1363 783 spiritui
1390 733 1605 783 tamquam
1641 730 1769 771 sensi-

236 801 313 841 bus
348 800 532 853 corporis
567 813 765 853 apparere
799 801 1036 849 uideantun
1077 800 1241 854 quando
1277 801 1378 842 haec
1414 814 1530 842 sacra
1565 801 1769 854 scriptura

237 875 552 921 commemorat,
598 872 718 912 cuius
763 872 941 913 istorum
986 873 1164 913 duorum
1210 873 1374 926 generis
1421 873 1505 914 sint
1549 877 1590 914 et
1627 876 1770 914 utrum

236 943 446 984 mediante
474 944 575 983 uiua
603 946 794 984 creatura
820 943 934 993 fiant,
970 944 1005 985 si
1039 957 1210 997 corpore
1243 944 1362 986 fiunt.
1397 945 1582 986 iudicare
1615 946 1770 985 temere

237 1028 315 1055 non
333 1015 548 1062 debemus,
573 1015 672 1055 dum
693 1017 832 1056 tamen
858 1016 1069 1065 creatoris,
1092 1017 1172 1057 hoc
1194 1018 1259 1057 est
1281 1029 1469 1057 summae
1486 1018 1527 1056 et
1546 1015 1770 1056 ineffabilis

236 1086 436 1127 trinitatis
471 1086 729 1127 inuisibilem
760 1087 1236 1140 incommutabilemque
1270 1091 1460 1128 naturam
1494 1090 1535 1128 et
1568 1101 1589 1128 a
1622 1089 1771 1128 morta-

238 1157 340 1198 lium
382 1157 611 1198 carnalium
651 1158 845 1198 sensibus
889 1160 929 1198 et
968 1159 1016 1199 ab
1059 1158 1171 1199 omni
1211 1158 1567 1200 conuertibilitate
1608 1159 1698 1199 siue
1731 1158 1770 1198 in

238 1229 388 1270 melius
436 1229 526 1270 31116
566 1229 607 1270 111
650 1229 834 1271 deterius
876 1230 964 1271 siue
1004 1230 1043 1270 in
1085 1230 1304 1282 quodlibet
1342 1230 1455 1270 aliud
1495 1232 1619 1282 atque
1658 1229 1772 1270 aliud

236 1303 439 1342 remotam
482 1304 606 1354 atque
647 1301 870 1342 discretam
912 1302 981 1342 uel
1015 1301 1103 1342 sine
1138 1302 1225 1342 ulla
1258 1301 1519 1343 dubitatione
1554 1301 1772 1342 credamus

237 1373 305 1413 uel
339 1373 636 1425 qualicumque
671 1373 798 1414 etiam
832 1373 1120 1427 intellegentia
1155 1373 1384 1425 capiamus.

292 1444 407 1485 Haec
446 1443 525 1484 tibi
559 1444 608 1485 de
643 1444 805 1485 duabus
841 1444 1174 1497 quaestionibus.
1215 1444 1293 1484 hoc
1328 1446 1393 1485 est
1427 1444 1475 1484 de
1508 1443 1695 1484 trinitate
1731 1448 1769 1483 et

239 1515 446 1565 columba,
486 1515 524 1555 in
562 1529 642 1568 qua
682 1515 856 1569 spiritus
899 1520 1070 1556 sanctus
1104 1529 1183 1556 non
1218 1528 1293 1556 sua
1326 1517 1473 1556 natura
1508 1514 1581 1556 sed
1615 1513 1770 1568 signifi-

239 1586 378 1627 catiua
424 1587 564 1639 specie
611 1587 923 1628 demonstratus
969 1589 1046 1635 631,
1087 1586 1199 1627 sicut
1239 1589 1280 1627 et
1317 1586 1428 1626 filius
1471 1585 1536 1626 dei
1574 1598 1655 1626 non
1696 1598 1768 1626 sua

239 1658 476 1700 natiuitate.
524 1658 572 1700 de
614 1671 694 1711 qua
732 1662 850 1711 pater
890 1658 1009 1699 dicit:
1050 1659 1175 1698 Ante
1215 1658 1482 1699 luciferum
1524 1657 1669 1712 genui
1710 1659 1768 1705 16,

240 1727 379 1768 sedin
413 1728 580 1769 homine
615 1734 813 1781 suscepto
848 1742 893 1770 ex
927 1732 1045 1770 utero
1080 1729 1258 1783 uirginis
1293 1742 1315 1768 a
1347 1728 1513 1769 Iudaeis
1549 1726 1770 1768 crucifixus
1796 1746 1828 1766 2·

240 1804 316 1840 631.
363 1800 521 1841 111(161·13
562 1814 687 1852 quam
729 1801 862 1841 otiose
903 1813 978 1854 ego
1017 1803 1156 1841 tamen
1197 1799 1553 1851 occupatissimus
1592 1798 1771 1839 scribere

240 1871 371 1923 potui.
407 1884 481 1912 nec
510 1870 657 1924 putaui
687 1871 822 1912 omnia
856 1871 1161 1924 pertractanda.
1197 1883 1302 1923 quae
1330 1870 1513 1923 posuisti
1545 1870 1586 1910 in
1618 1869 1770 1910 litteris

238 1942 342 1983 tuis:
390 1955 537 1983 uerum
579 1942 629 1982 ad
673 1942 747 1983 illa
792 1942 887 1991 duo,
934 1954 1037 1994 quae
1084 1955 1129 1982 ex
1174 1954 1239 1982 me
1287 1941 1428 1981 audire
1470 1940 1659 1989 uoluisti,
1706 1953 1770 1980 me

239 2013 507 2065 respondisse
549 2013 627 2054 etsi
667 2027 745 2054 non
786 2013 1045 2054 sufficienter
1078 2013 1271 2054 auiditati
1305 2021 1401 2052 tuae
1434 2014 1574 2052 tamen
1608 2011 1771 2052 caritati

240 2084 507 2126 oboedienter
538 2085 745 2126 existimo.

298 2156 469 2197 Praeter
503 2160 640 2197 autem
674 2157 770 2197 illos
805 2156 910 2198 duos
943 2156 1088 2205 libros,
1130 2168 1232 2209 quos
1265 2156 1400 2196 tribus
1434 2169 1499 2196 me
1534 2156 1770 2196 adiunxisse

241 2241 365 2279 ¹<upra
392 2229 732 2269 connnemoraui.
767 2231 807 2269 et
833 2228 959 2269 trium
994 2228 1253 2282 psalmorum
1287 2227 1587 2279 expositionem
1623 2227 1771 2280 scripsi

241 2300 366 2339 etiam
394 2299 547 2339 librum
578 2299 627 2339 ad
657 2301 847 2340 sanctum
875 2300 1166 2353 presbyterum
1194 2299 1498 2350 Hieronymum
1527 2298 1576 2339 de
1611 2299 1770 2339 animae

242 2370 399 2424 origine
427 2371 647 2410 consulens
676 2384 786 2420 eum,
822 2384 902 2423 quo
931 2371 1053 2411 modo
1083 2370 1249 2411 defendi
1276 2371 1412 2423 possit
1444 2370 1516 2410 illa
1551 2370 1770 2411 sententia.

363 2534 404 2566 19
430 2533 488 2568 ΡΞ.
520 2533 596 2576 loo,
624 2534 644 2567 3

293 2617 307 2649 1
338 2628 525 2660 corporeas
552 2617 595 2650 H
619 2619 674 2660 (m.
704 2620 722 2650 1
749 2627 837 2651 corr.
866 2617 1109 2661 incorporeas)
1144 2616 1218 2651 VU
1289 2617 1308 2648 ἶ)
1337 2616 1513 2660 corporeis
1541 2616 1619 2649 edd.
1697 2615 1771 2649 siue

242 2678 276 2710 in
305 2677 382 2710 sola
413 2676 603 2711 THRVU
709 2678 728 2710 9
756 2677 840 2710 uiua
867 2689 909 2711 eac
935 2678 1018 2710 uina
1051 2677 1084 2710 U
1195 2676 1237 2710 10
1264 2677 1313 2720 et]
1343 2681 1450 2719 atque
1484 2675 1670 2709 THRVU
1693 2675 1771 2709 edd.

245 2737 286 2769 12
313 2736 660 2770 inconuertibilitate
694 2735 764 2770 VU
816 2737 858 2770 13
887 2736 1059 2779 quolibet,
1086 2747 1130 2769 m.
1158 2739 1176 2769 1
1203 2747 1292 2769 corr.
1321 2734 1507 2779 quodlibet
1528 2734 1563 2768 R
1617 2734 1657 2767 19
1685 2733 1771 2767 dixit

244 2795 285 2828 II
308 2795 386 2828 edd.
472 2795 517 2829 20
545 2795 607 2828 sed
634 2806 700 2828 om.
734 2794 807 2828 VU
889 2796 930 2828 ‘21
962 2795 1076 2828 otioso
1108 2793 1405 2837 THVUerm
1496 2792 1541 2826 22
1568 2792 1771 2837 pertranda.

243 2866 285 2888 m.
315 2859 338 2888 2
364 2854 619 2900 pertractanda
652 2854 686 2889 U
757 2854 801 2889 ‘28
829 2855 967 2899 origine
994 2855 1133 2888 animae
1167 2852 1356 2888 TIJRVt'

1813 673 1827 697 ὃ

1799 1031 1830 1055 1⁴1·

1800 1387 1830 1410 15
