1844 3122
76 974 110 999 10

77 1328 109 1354 15

76 1684 110 1710 20

620 193 967 238 epistularum
1007 192 1184 227 CXXVII.
1610 195 1663 236 27

138 337 298 379 super
329 326 552 377 petram.
586 322 672 375 qui
707 325 881 364 autem
916 322 1067 363 audit
1100 322 1262 364 uerba
1300 335 1409 364 mea
1448 323 1577 364 haee
1616 326 1669 365 et

137 408 232 438 non
271 394 407 436 facit
445 407 514 445 ea,
555 393 808 435 similabo
850 406 962 434 eum
1002 393 1119 434 uiro
1166 394 1356 445 stulto,
1397 394 1484 448 qui
1531 393 1665 435 aedi-

136 466 338 508 ficauit
389 465 594 507 domum
647 478 791 506 suam
844 477 1004 518 super
1054 464 1323 506 harenam:
1382 465 1669 506 deseendit

136 537 337 592 pluuia.
377 538 642 578 uenerunt
680 536 919 586 flumina,
960 535 1243 577 flauerunt
1288 536 1437 577 uenti
1485 539 1535 578 et
1581 536 1665 577 im-

135 610 402 663 pegerunt
439 607 488 649 in
529 607 735 649 domum
774 607 925 648 illam
966 610 1016 649 et
1055 607 1260 648 cecidit
1299 610 1349 648 et
1393 607 1538 649 faeta
1584 610 1667 649 est

135 680 289 721 ruina
327 679 443 720 eius
482 691 679 733 magna.
725 678 868 719 audire
907 691 1004 732 ergo
1043 679 1171 720 uerba
1214 678 1286 719 illa
1324 678 1542 720 aedificare
1581 681 1662 723 est:

135 751 175 792 iu
208 751 287 792 hoo
320 751 485 804 utrique
518 763 637 803 pares
672 752 783 799 sunt,
816 750 856 790 in
890 749 1080 791 faciendo
1115 753 1254 790 autem
1289 752 1331 790 et
1356 762 1435 791 uon
1462 750 1666 799 faciendo,

135 821 246 875 quod
291 821 480 870 audiunt,
525 823 689 862 tantum
734 820 936 874 dispares,
982 823 1187 873 quantum
1237 819 1474 862 aedificium
1525 823 1666 875 petrae

135 893 348 934 soliditate
381 892 603 934 fundatum
636 892 778 945 dispar
810 894 875 933 est
908 891 959 941 ei,
993 891 1104 945 quod
1143 891 1233 933 sine
1272 892 1358 933 ullo
1392 891 1664 933 fundamento

134 963 248 1005 facili
273 963 447 1005 harenae
475 963 710 1004 mobilitate
736 962 1012 1005 subuertitur.
1039 975 1114 1004 nee
1140 962 1249 1011 ideo,
1278 962 1472 1016 quisquis
1499 962 1667 1004 omnino

135 1048 213 1076 non
247 1034 377 1084 audit,
410 1034 547 1075 tutius
581 1034 661 1076 sibi
694 1033 853 1087 aliquid
887 1036 1119 1088 compen-am
1160 1033 1265 1075 nihil
1298 1033 1408 1075 enim
1443 1033 1665 1075 aedificans

136 1106 223 1147 sine
256 1106 342 1147 ullo
376 1108 489 1148 tecto
522 1105 658 1147 multo
691 1105 859 1146 facilius
893 1105 1149 1153 obruendus,
1176 1104 1402 1158 rapiendus
1435 1108 1478 1146 et
1509 1104 1665 1158 disper-

135 1176 295 1231 gendus
328 1176 547 1226 imbribus,
580 1175 724 1217 fluuiis
756 1176 981 1229 uentisque
1015 1176 1207 1219 donatur.

194 1248 368 1289 Possem
407 1247 532 1289 etiam
573 1260 645 1300 pro
684 1246 857 1289 modulo
897 1260 990 1288 meo
1035 1247 1205 1289 eosdem
1250 1247 1365 1301 ipsos
1410 1247 1666 1301 pertinentes

135 1319 186 1360 ad
219 1319 427 1360 dexteram
461 1331 720 1374 regnumque
753 1318 963 1360 caelorum
996 1318 1037 1359 in
1071 1318 1159 1359 suis
1193 1318 1393 1372 gradibus
1420 1318 1667 1371 meritisque

136 1389 394 1445 distinguere
426 1392 551 1443 atque
583 1389 817 1440 ostendere,
852 1402 933 1443 quo
967 1390 1130 1431 differat
1162 1389 1252 1431 uita
1284 1389 1518 1443 coniugalis
1556 1389 1665 1431 filios

136 1462 442 1515 procreantium
470 1463 635 1516 patrum
663 1463 928 1515 matrumque
954 1461 1139 1502 familias
1166 1474 1314 1502 uerum
1341 1463 1480 1502 tamen
1500 1459 1668 1514 religio-

137 1546 278 1574 sorum
312 1545 359 1574 ac
392 1533 556 1586 piorum
590 1533 638 1574 ab
673 1545 720 1573 ea
752 1532 855 1582 uita,
884 1545 1009 1585 quam
1042 1544 1119 1573 uos
1154 1531 1229 1573 deo
1263 1532 1459 1582 uouistis‚
1487 1531 1523 1573 si
1556 1544 1666 1572 nune

137 1604 188 1646 ad
220 1616 309 1646 eam
344 1603 582 1645 uouendam
622 1603 900 1645 exhortandus
941 1616 1074 1651 esses3
1122 1603 1196 1645 sed
1236 1603 1334 1657 quia
1370 1603 1452 1644 iam
1493 1603 1666 1646 uouisti.

135 1675 218 1717 iam
262 1678 304 1717 te
349 1674 624 1726 obstrinxisti,
669 1674 785 1716 aliud
828 1674 906 1716 tibi
950 1675 1085 1716 facere
1130 1687 1210 1716 non
1254 1674 1368 1716 licet.
1419 1674 1665 1728 priusquam

136 1759 250 1788 esses
283 1746 373 1788 uoti
404 1758 515 1795 reus,
547 1746 728 1787 liberum
760 1745 855 1797 fuit,
883 1758 963 1799 quo
998 1758 1113 1787 esses
1145 1745 1328 1797 inferior,
1358 1745 1553 1800 quamuis
1587 1758 1666 1787 non

184 1909 199 1942 1
230 1919 337 1953 supra
362 1907 480 1942 EMA
506 1907 586 1942 edd.
613 1918 679 1944 sec.
714 1907 816 1952 Vuly.
892 1908 980 1951 adit,
1008 1919 1052 1944 m.
1079 1911 1097 1942 1
1123 1919 1214 1943 corr.
1242 1907 1344 1942 audit
1370 1908 1418 1942 Μ
1469 1909 1491 1943 3
1518 1907 1665 1942 descen-

136 1967 189 2002 dit
215 1983 233 1999 *
252 1970 287 2011 (a
313 1969 420 2010 eras.)
446 1967 570 2012 pluuia
595 1967 642 2002 Ρ1
705 1969 727 2001 4
754 1970 895 2008 uerunt,
922 1978 966 2002 m.
994 1970 1012 2001 1
1039 1978 1129 2002 corr.
1158 1970 1335 2002 uenerunt
1360 1968 1408 2002 M
1488 1969 1508 2002 5
1530 1978 1601 2011 pro
1628 1968 1663 2001 in

136 2038 228 2070 ras.;
249 2027 365 2070 fuisse
389 2026 466 2060 uid.
494 2027 530 2060 in
556 2025 604 2060 Ρ1
715 2025 819 2061 doma
846 2026 885 2060 Ε
1003 2028 1023 2059 6
1051 2037 1135 2071 ergo
1162 2037 1229 2061 om.
1257 2026 1374 2061 HPE
1468 2026 1530 2061 illa
1557 2027 1665 2060 uerba

134 2085 327 2120 ΙΜΑΟΙ)2
352 2086 431 2121 edd.
530 2090 551 2121 ὅ
578 2087 737 2131 tanturn]
766 2086 800 2120 in
828 2088 970 2120 tantum
994 2088 1025 2120 G
1113 2085 1234 2131 dispar
1260 2089 1316 2121 est
1340 2087 1413 2121 JM
1434 2087 1493 2132 (m.
1521 2090 1561 2120 ut
1587 2086 1663 2120 uid.

136 2148 161 2180 2
185 2144 359 2191 dispares)
386 2145 472 2179 AP2
497 2148 585 2189 (ras.
612 2149 645 2180 et
671 2156 762 2180 corr.
789 2157 833 2181 m.
856 2148 881 2179 2
906 2145 1080 2190 dispares)
1178 2145 1364 2180 aedificia*
1383 2146 1431 2179 M
1495 2146 1515 2180 9
1542 2145 1667 2179 solidi-

133 2207 233 2239 tatae
265 2205 333 2248 (dit
366 2205 404 2239 in
436 2215 508 2240 ras.
544 2205 625 2239 alia
656 2216 710 2247 m;
741 2216 762 2239 a
795 2209 880 2239 ante
912 2216 930 2239 e
963 2205 1046 2247 del.)
1079 2204 1123 2239 H
1150 2204 1372 2239 soliditatem
1400 2205 1423 2239 1
1454 2204 1608 2239 solidate
1638 2206 1667 2238 C

184 2264 226 2304 ei,
252 2265 316 2298 sed
341 2265 351 2298 i
374 2268 504 2308 postea
530 2267 587 2308 (m.
615 2267 634 2298 1
661 2263 693 2307 ,9)
722 2264 807 2298 add.
836 2268 867 2298 et
892 2275 1001 2308 super
1027 2276 1045 2299 e
1072 2275 1163 2299 eras.
1183 2264 1260 2300 uid.
1283 2280 1326 2293 ‘v
1347 2264 1395 2298 M
1443 2265 1485 2299 10
1505 2264 1665 2299 faciliare

136 2322 389 2357 nemobilitate
419 2323 450 2356 U
544 2324 737 2358 nobilitate
765 2325 797 2357 A
897 2323 1156 2358 subuertuntur
1183 2323 1217 2357 P
1327 2324 1365 2357 11
1394 2325 1508 2357 totius
1536 2323 1666 2357 MCP2

135 2383 192 2423 (m.
221 2385 246 2416 2
271 2382 400 2424 tutius)
474 2382 642 2416 aedificat
671 2382 784 2416 III’E
840 2383 882 2416 12
909 2382 1102 2427 rapiendus
1129 2382 1332 2417 obruendus
1360 2383 1474 2417 IIPE
1530 2383 1571 2417 13
1598 2382 1662 2416 flu-

136 2441 219 2485 uiis]
247 2441 380 2486 pluuiis
409 2441 484 2475 ΗΡ
555 2441 599 2475 (10
652 2444 774 2483 (natur
799 2442 839 2476 in
864 2442 937 2485 fine
956 2453 1043 2486 pay.
1066 2446 1147 2483 om.)
1171 2443 1201 2476 (J
1252 2443 1293 2476 14
1321 2442 1453 2487 possim
1475 2440 1666 2475 IMACP2'

135 2500 214 2535 edd.
234 2505 385 2545 praeter
409 2512 443 2535 m
520 2501 561 2535 15
588 2501 738 2541 meritis,
764 2512 854 2537 corr.
884 2507 942 2535 (m.
971 2504 990 2535 1
1016 2500 1048 2544 ?)
1074 2501 1315 2546 n1eritisq.M
1389 2502 1430 2534 163
1458 2499 1664 2534 ostenderet

137 2558 218 2599 (del.
241 2563 357 2603 postr.
387 2560 424 2601 l.)
451 2559 493 2593 H
517 2559 666 2594 ostende
683 2587 690 2600 ,
717 2571 806 2594 corr.
834 2562 891 2603 (m.
920 2563 939 2594 1
966 2559 997 2594 ,9)
1025 2551 1215 2594 ostendere
1244 2560 1289 2594 M
1433 2559 1526 2604 quod
1554 2559 1663 2593 1²¹1A

137 2617 220 2662 quid
249 2617 324 2652 ΗΡ
398 2619 491 2653 uita*
512 2622 559 2659 (m
586 2623 692 2661 eras.)
720 2618 768 2653 1³2
820 2620 860 2654 17
883 2623 1036 2656 matrum
1057 2622 1138 2663 (om.
1166 2622 1248 2664 que)
1276 2619 1321 2653 ,Π
1392 2620 1528 2663 tamen}
1557 2622 1594 2652 ta
1620 2618 1664 2652 M

138 2677 179 2710 18
200 2688 260 2711 :ac
286 2677 322 2720 (h
349 2680 456 2720 eras.)
483 2677 533 2712 P²
677 2678 720 2712 ab
749 2680 803 2723 eal
833 2690 853 2712 a
879 2679 987 2713 beata
1012 2679 1101 2713 AP²
1128 2690 1183 2712 ae
1333 2680 1372 2712 19
1401 2677 1601 2711 uouendum
1629 2677 1669 2711 Ε

182 2735 244 2769 sed
271 2747 338 2771 om.
366 2736 480 2771 HPE
549 2737 595 2771 20
621 2737 891 2772 obstrinxistim
916 2738 954 2771 E
1024 2738 1065 2771 21
1097 2749 1192 2772 esses
1219 2748 1298 2778 om„
1320 2749 1362 2770 m.
1386 2741 1410 2771 2
1431 2736 1515 2771 add.
1544 2748 1620 2770 esse
1642 2736 1666 2769 I

182 2793 334 2828 liberum
361 2795 428 2829 tibi
457 2795 525 2829 suit
555 2795 667 2830 HPE
763 2808 863 2833 esse,
892 2809 934 2832 m.
965 2799 989 2830 :3
1015 2808 1110 2831 esses
1139 2796 1188 2830 1³2
