1952 3118
599 156 953 201 epistularum
994 156 1148 192 CXLVI.
1189 157 1362 193 CXLVII.
1660 165 1745 206 275

215 286 306 327 eius
344 287 574 342 neglegens
611 300 704 329 esse
742 300 822 329 non
863 287 1002 329 debui.
1043 300 1137 329 cnm
1179 288 1288 329 enim
1321 288 1565 343 petiuisses‚
1604 292 1653 331 ut
1697 290 1747 332 de

214 358 419 399 inuisibili
446 359 536 408 deo,
564 361 705 400 utrum
732 371 806 412 per
831 359 977 401 oculos
1004 371 1224 413 corporeos
1251 360 1387 413 possit
1413 360 1561 411 uideri,
1588 361 1747 415 prolixe

216 429 374 482 aliquid
418 430 671 484 copioseque
715 429 767 470 ad
811 432 853 470 te
903 430 1144 479 scriberem,
1190 443 1341 484 negare
1393 444 1471 472 non
1518 431 1651 485 potui,
1698 445 1747 474 ne

214 503 404 542 sanctum
451 501 641 543 studium
685 503 806 542 tuum
852 501 1120 554 offendere1n3
1174 502 1245 543 sed
1296 502 1554 555 promissum
1599 503 1748 545 distuli

172 572 304 613 5siue
348 575 517 626 propter
561 563 664 614 alias
717 573 1016 626 occupationes
1068 585 1182 614 meas
1235 572 1326 614 siue
1372 573 1482 627 quod
1528 587 1550 615 a
1595 587 1661 616 me
1704 574 1748 615 id

154 940 185 964 10

150 1650 184 1675 ‘20

212 642 484 697 flagitaretur,
511 643 621 685 unde
649 644 863 697 aliquanto
891 643 1054 685 diutius
1082 644 1259 698 cogitari
1287 644 1519 698 oportebat.
1545 644 1618 686 sed
1651 657 1747 686 cum

211 715 328 754 tanta
358 726 425 755 res
459 716 585 763 esset,
619 727 724 767 quae
758 713 996 768 cogitando,
1029 726 1108 755 non
1142 716 1230 755 tam
1263 714 1364 767 quid
1402 714 1451 755 de
1488 727 1536 755 ea
1569 715 1748 756 sentien-

212 784 311 825 dum
350 784 631 827 dicendumne
676 787 803 834 esset,
844 797 968 838 quam
1016 798 1195 839 quonam
1240 785 1364 827 modo
1411 785 1746 839 persuadendum

213 855 291 905 his,
331 856 402 909 qui
449 855 616 898 diuersa
661 856 876 909 sentirent,
922 856 1040 897 fieret
1084 855 1306 908 difficilior,
1350 856 1475 898 finem
1521 856 1745 911 aliquando

212 925 401 967 dilationi
428 926 711 968 adhibendum
737 926 887 981 putaui
914 939 1084 980 sperans
1113 927 1302 968 diuinum
1327 926 1584 968 adiutorium
1611 928 1746 983 magis

211 996 315 1037 mihi
336 997 536 1038 scribenti
559 1011 683 1050 quam
705 997 911 1039 differenti
932 997 1191 1039 adfuturum.
1221 1010 1344 1051 quam
1374 998 1424 1040 ob
1453 1011 1539 1039 rem
1561 998 1743 1052 primum

210 1067 312 1108 mihi
351 1068 521 1110 uidetur
556 1070 653 1122 plus
692 1069 833 1110 ualere
871 1069 912 1110 in
958 1069 1034 1110 hac
1079 1069 1354 1122 inquisitione
1400 1068 1574 1110 uiuendi
1617 1082 1744 1123 quam

209 1139 406 1191 loquendi
445 1139 631 1182 modum.
671 1152 767 1181 nam
807 1139 878 1193 qui
917 1139 1153 1181 didicerunt
1186 1153 1208 1180 a
1241 1138 1408 1181 domino
1442 1139 1539 1181 Iesu
1574 1139 1742 1182 Christo

209 1209 333 1251 mites
360 1223 452 1251 esse
474 1213 516 1252 et
535 1210 717 1252 humiles
746 1210 882 1261 corde,
904 1210 1002 1265 plus
1030 1210 1252 1265 cogitando
1280 1212 1322 1252 et
1343 1210 1497 1252 orando
1518 1211 1745 1265 proficiunt

167 1297 182 1321 5
210 1294 334 1334 quam
367 1281 544 1336 legendo
578 1284 620 1323 et
651 1282 867 1324 audiendo.
900 1294 975 1323 nec
1007 1281 1101 1323 ideo
1135 1283 1275 1323 tamen
1309 1294 1431 1337 agere
1470 1284 1610 1336 partes
1644 1295 1744 1324 suas

210 1364 345 1394 sermo
385 1353 630 1404 cessauefit,
669 1353 756 1404 sed,
790 1365 885 1395 cum
924 1353 1136 1407 plantator
1173 1354 1215 1395 et
1251 1352 1411 1408 rigator
1449 1352 1636 1395 officium
1676 1354 1743 1395 sui

210 1423 390 1478 gesserit
414 1424 612 1477 muneris,
637 1427 773 1466 cetera
799 1424 875 1466 illi.
899 1424 984 1478 qui
1012 1424 1095 1466 dat
1118 1424 1498 1474 incrementum,
1520 1424 1740 1478 relinquit;

210 1494 281 1535 ille
320 1495 473 1549 quippe
513 1495 639 1537 etiam
678 1495 819 1548 ipsum
858 1496 1136 1549 plantatorem
1175 1495 1486 1550 rigatoremque
1526 1495 1741 1537 formauit.

272 1565 512 1608 Secundum
533 1566 773 1608 interiorem
788 1567 918 1621 igitur
931 1566 1145 1608 hominem
1160 1566 1327 1621 percipe
1340 1566 1470 1608 uerba
1483 1566 1741 1610 intellectus.

209 1637 300 1690 ipse
335 1637 442 1678 enim
475 1640 747 1679 renouatur
780 1637 834 1679 de
869 1637 945 1679 die
978 1638 1024 1678 in
1058 1637 1199 1687 diem,
1234 1637 1361 1679 etiam
1394 1650 1490 1678 cum
1523 1638 1743 1680 exterior

209 1708 306 1749 iste
346 1709 684 1762 corrumpitur
722 1709 813 1750 siue
853 1709 1130 1763 castigatione
1164 1708 1441 1750 abstinentiae
1475 1708 1567 1750 siue
1600 1709 1742 1762 aliqua

209 1779 398 1822 morbida
431 1780 661 1822 ualitudine
694 1781 786 1822 siue
820 1780 1010 1834 quolibet
1043 1793 1142 1822 casu
1175 1781 1245 1822 uel
1272 1783 1396 1830 certe,
1425 1779 1535 1833 qnod
1566 1792 1741 1822 necesse

209 1853 274 1892 est
300 1851 426 1892 etiam
454 1851 533 1902 his,
555 1851 627 1904 qui
654 1864 753 1893 sano
782 1864 952 1904 corpore
980 1851 1050 1893 din
1080 1851 1244 1901 uiuunt,
1262 1851 1358 1904 ipso
1378 1850 1529 1892 aetatis
1550 1863 1739 1894 accessu.

332 2038 373 2072 13
399 2037 530 2071 Matth.
562 2038 615 2080 11,
642 2038 687 2072 29
764 2038 805 2071 16
831 2037 848 2071 1
875 2036 954 2072 Cor.
982 2037 1014 2078 3,
1042 2037 1060 2071 7
1136 2037 1181 2071 20
1207 2037 1243 2071 ΙΙ
1270 2036 1348 2072 Cor.
1375 2038 1408 2076 4,
1439 2037 1482 2072 16

257 2167 278 2200 2
305 2178 340 2200 ο,
368 2166 465 2201 culos
492 2166 607 2211 (culos
632 2176 677 2199 m.
704 2168 723 2199 1
751 2165 793 2200 in
818 2170 907 2208 ras.)
934 2166 982 2200 M
1125 2166 1246 2201 uidere
1277 2166 1323 2200 Τ1
1469 2166 1489 2200 3
1517 2166 1671 2201 scribere
1699 2166 1742 2200 H

210 2227 229 2259 4
256 2230 356 2259 tuum
383 2224 541 2260 studium
567 2224 646 2259 edd.
739 2226 760 2260 6
786 2224 980 2269 aliquando
1013 2225 1133 2259 TT¹L
1231 2225 1391 2270 cogitare
1423 2224 1519 2259 T¹M
1602 2226 1621 2258 7
1650 2236 1734 2270 quea

210 2296 276 2330 que
305 2287 392 2326 (ra-s.
420 2296 488 2330 que
516 2286 598 2329 que)
624 2284 659 2318 A
770 2283 812 2318 de
840 2284 893 2328 ea]
923 2283 990 2318 dea
1015 2284 1054 2318 F
1172 2284 1193 2318 8
1221 2288 1276 2318 est
1302 2284 1460 2318 HMFA
1564 2285 1735 2329 quonam}

209 2344 377 2388 quoniam
410 2343 491 2378 ’.ΓΤι
518 2355 586 2388 quo
614 2343 647 2378 L
769 2343 790 2378 9
816 2343 885 2377 hiis
911 2347 952 2377 ut
977 2344 1054 2377 uid.
1081 2343 1115 2378 L
1140 2344 1184 2377 iis
1210 2344 1332 2387 flrm
1445 2343 1483 2377 11
1515 2342 1738 2378 differentias

208 2402 380 2446 futurum,
406 2415 449 2437 m.
478 2405 502 2436 2
528 2402 708 2437 differenti
734 2402 926 2436 affuturum
954 2402 1002 2435 ΔῚῙ
1131 2403 1325 2446 afuturum,
1352 2414 1396 2437 m.
1425 2406 1444 2436 1
1472 2413 1562 2437 corr.
1590 2402 1735 2436 adfutu-

208 2473 283 2496 rum
309 2461 352 2496 H
407 2463 450 2496 12
477 2462 679 2506 inquisione
706 2462 740 2495 A
821 2461 981 2506 uiuendi]
1010 2462 1116 2497 finem
1143 2461 1187 2496 H
1240 2463 1282 2497 13
1310 2474 1330 2497 a
1357 2462 1516 2506 domino]
1545 2473 1565 2495 a
1591 2461 1737 2495 domino

208 2519 274 2555 deo
300 2520 458 2555 HMFA
547 2521 588 2555 16
615 2521 669 2554 sui
695 2531 769 2554 ras.
796 2531 840 2554 ex
865 2531 966 2554 suurn
993 2520 1041 2554 M
1126 2521 1167 2554 18
1194 2521 1506 2566 plantatoremque
1533 2523 1614 2563 (om.
1640 2520 1736 2564 riga-

207 2581 334 2618 torem)
361 2579 433 2614 FA
491 2581 532 2613 19
559 2580 671 2625 igitur
695 2580 902 2614 interiorem
928 2579 962 2613 L
1034 2571 1229 2626 percipere*
1242 2581 1307 2615 sed
1331 2592 1367 2614 re
1394 2592 1437 2614 m.
1466 2583 1484 2613 1
1508 2578 1579 2624 (??)
1606 2578 1674 2614 del.
1702 2578 1737 2611 L

254 2639 365 2673 uerba
390 2640 431 2673 in
449 2639 529 2683 fine
552 2650 586 2674 u.
614 2650 682 2674 om.
710 2641 743 2674 A
841 2640 887 2674 20
914 2640 1008 2684 cum]
1036 2640 1066 2678 si
1093 2639 1126 2674 L
1224 2641 1266 2674 21
1296 2638 1530 2684 castigationi
1558 2641 1593 2672 et
1619 2637 1735 2672 absti-

208 2698 353 2732 nentiae
384 2697 464 2732 TT¹
492 2699 731 2743 castigatione
758 2701 795 2733 et
820 2699 1041 2733 abstinentia
1066 2697 1100 2733 L
1215 2699 1260 2733 22
1288 2698 1423 2741 orbida,
1451 2710 1493 2731 m.
1523 2700 1540 2730 1
1567 2695 1615 2740 (ἓ)
1641 2707 1736 2731 corr-

207 2756 370 2792 morbida
395 2756 434 2790 F
456 2758 569 2792 morbi
600 2757 718 2792 TT¹L
817 2757 1005 2803 quodlibet
1031 2758 1074 2792 H
1146 2758 1190 2792 23
1217 2758 1286 2792 hiis
1314 2758 1348 2792 L
1374 2758 1417 2792 iis
1436 2758 1520 2802 slr
1534 2768 1566 2791 m

1619 2825 1686 2860 18*
