<?xml version="1.0" encoding="UTF-8"?>
<!DOCTYPE html PUBLIC "-//W3C//DTD XHTML 1.0 Transitional//EN"
    "http://www.w3.org/TR/xhtml1/DTD/xhtml1-transitional.dtd">
<html xmlns="http://www.w3.org/1999/xhtml" xml:lang="en" lang="en">
 <head>
  <title>
</title>
<meta http-equiv="Content-Type" content="text/html;charset=utf-8" />
  <meta name='ocr-system' content='tesseract 3.04.00' />
  <meta name='ocr-capabilities' content='ocr_page ocr_carea ocr_par ocr_line ocrx_word'/>
</head>
<body>
  <div class='ocr_page' id='page_1' title='image "./corpusscriptorum44auguuoft_0493.png"; bbox 0 0 1952 3118; ppageno 0'>
   <div class='ocr_carea' id='block_1_1' title="bbox 125 918 161 942">
    <p class='ocr_par' dir='ltr' id='par_1_1' title="bbox 125 918 161 942">
     <span class='ocr_line' id='line_1_1' title="bbox 125 918 161 942; baseline 0 0"><span class='ocrx_word' id='word_1_1' title='bbox 125 918 161 942; x_wconf 85' lang='lat'>10</span> 
     </span>
    </p>
   </div>
   <div class='ocr_carea' id='block_1_2' title="bbox 125 1273 162 1299">
    <p class='ocr_par' dir='ltr' id='par_1_2' title="bbox 125 1273 162 1299">
     <span class='ocr_line' id='line_1_2' title="bbox 125 1273 162 1299; baseline -0.027 0"><span class='ocrx_word' id='word_1_2' title='bbox 125 1273 162 1299; x_wconf 75' lang='lat'>15</span> 
     </span>
    </p>
   </div>
   <div class='ocr_carea' id='block_1_3' title="bbox 123 1629 164 1654">
    <p class='ocr_par' dir='ltr' id='par_1_3' title="bbox 123 1629 164 1654">
     <span class='ocr_line' id='line_1_3' title="bbox 123 1629 164 1654; baseline 0.024 -1"><span class='ocrx_word' id='word_1_3' title='bbox 123 1629 164 1654; x_wconf 78' lang='lat'>20</span> 
     </span>
    </p>
   </div>
   <div class='ocr_carea' id='block_1_4' title="bbox 687 134 1715 180">
    <p class='ocr_par' dir='ltr' id='par_1_4' title="bbox 687 134 1715 180">
     <span class='ocr_line' id='line_1_4' title="bbox 687 134 1715 180; baseline 0.004 -11"><span class='ocrx_word' id='word_1_4' title='bbox 687 134 1041 180; x_wconf 79' lang='lat' dir='ltr'><strong>epistularum</strong></span> <span class='ocrx_word' id='word_1_5' title='bbox 1081 134 1221 170; x_wconf 72' lang='lat' dir='ltr'>CLVII.</span> <span class='ocrx_word' id='word_1_6' title='bbox 1634 138 1715 179; x_wconf 83' lang='lat'>481</span> 
     </span>
    </p>
   </div>
   <div class='ocr_carea' id='block_1_5' title="bbox 184 264 1722 1882">
    <p class='ocr_par' dir='ltr' id='par_1_5' title="bbox 184 264 1722 1882">
     <span class='ocr_line' id='line_1_5' title="bbox 184 264 1720 320; baseline 0.001 -14"><span class='ocrx_word' id='word_1_7' title='bbox 184 264 396 307; x_wconf 77' lang='lat' dir='ltr'>renuntiet</span> <span class='ocrx_word' id='word_1_8' title='bbox 439 264 648 315; x_wconf 88' lang='lat' dir='ltr'>omnibus,</span> <span class='ocrx_word' id='word_1_9' title='bbox 699 278 805 318; x_wconf 86' lang='lat' dir='ltr'>quae</span> <span class='ocrx_word' id='word_1_10' title='bbox 852 267 952 306; x_wconf 91' lang='lat' dir='ltr'>sunt</span> <span class='ocrx_word' id='word_1_11' title='bbox 998 265 1103 315; x_wconf 89' lang='lat' dir='ltr'>eius,</span> <span class='ocrx_word' id='word_1_12' title='bbox 1156 267 1203 307; x_wconf 93' lang='lat' dir='ltr'>ut</span> <span class='ocrx_word' id='word_1_13' title='bbox 1248 264 1403 307; x_wconf 83' lang='lat' dir='ltr'>Christi</span> <span class='ocrx_word' id='word_1_14' title='bbox 1446 265 1584 320; x_wconf 80' lang='lat' dir='ltr'>possit</span> <span class='ocrx_word' id='word_1_15' title='bbox 1627 279 1720 308; x_wconf 87' lang='lat' dir='ltr'>esse</span> 
     </span>
     <span class='ocr_line' id='line_1_6' title="bbox 188 335 1718 390; baseline 0.001 -14"><span class='ocrx_word' id='word_1_16' title='bbox 188 335 423 389; x_wconf 84' lang='lat' dir='ltr'>discipulus</span> <span class='ocrx_word' id='word_1_17' title='bbox 451 359 508 365; x_wconf 86' lang='lat'>-—</span> <span class='ocrx_word' id='word_1_18' title='bbox 534 335 623 389; x_wconf 89' lang='lat' dir='ltr'>ipse</span> <span class='ocrx_word' id='word_1_19' title='bbox 651 335 772 387; x_wconf 89' lang='lat' dir='ltr'>enim,</span> <span class='ocrx_word' id='word_1_20' title='bbox 799 348 895 377; x_wconf 84' lang='lat' dir='ltr'>oum</span> <span class='ocrx_word' id='word_1_21' title='bbox 918 336 967 377; x_wconf 88' lang='lat' dir='ltr'>de</span> <span class='ocrx_word' id='word_1_22' title='bbox 989 336 1232 390; x_wconf 75' lang='lat' dir='ltr'><strong>sumptibus</strong></span> <span class='ocrx_word' id='word_1_23' title='bbox 1255 335 1307 378; x_wconf 82' lang='lat' dir='ltr'>ad</span> <span class='ocrx_word' id='word_1_24' title='bbox 1327 336 1454 378; x_wconf 90' lang='lat' dir='ltr'>turris</span> <span class='ocrx_word' id='word_1_25' title='bbox 1481 335 1718 378; x_wconf 82' lang='lat' dir='ltr'>aedificium</span> 
     </span>
     <span class='ocr_line' id='line_1_7' title="bbox 189 406 1719 462; baseline 0.001 -15"><span class='ocrx_word' id='word_1_26' title='bbox 189 406 437 448; x_wconf 83' lang='lat' dir='ltr'>necessariis</span> <span class='ocrx_word' id='word_1_27' title='bbox 476 409 518 448; x_wconf 91' lang='lat' dir='ltr'>et</span> <span class='ocrx_word' id='word_1_28' title='bbox 556 406 605 448; x_wconf 88' lang='lat' dir='ltr'>de</span> <span class='ocrx_word' id='word_1_29' title='bbox 644 406 754 448; x_wconf 89' lang='lat' dir='ltr'>bello</span> <span class='ocrx_word' id='word_1_30' title='bbox 795 407 1000 448; x_wconf 84' lang='lat' dir='ltr'>aduersus</span> <span class='ocrx_word' id='word_1_31' title='bbox 1044 420 1187 461; x_wconf 85' lang='lat' dir='ltr'>regem</span> <span class='ocrx_word' id='word_1_32' title='bbox 1227 407 1404 449; x_wconf 86' lang='lat' dir='ltr'>alterum</span> <span class='ocrx_word' id='word_1_33' title='bbox 1437 407 1719 462; x_wconf 84' lang='lat' dir='ltr'>praeparando</span> 
     </span>
     <span class='ocr_line' id='line_1_8' title="bbox 188 477 1721 531; baseline 0.001 -13"><span class='ocrx_word' id='word_1_34' title='bbox 188 477 488 519; x_wconf 77' lang='lat' dir='ltr'>similitudines</span> <span class='ocrx_word' id='word_1_35' title='bbox 520 477 824 531; x_wconf 80' lang='lat' dir='ltr'>praemisisset,</span> <span class='ocrx_word' id='word_1_36' title='bbox 859 477 1046 519; x_wconf 86' lang='lat' dir='ltr'>adiunxit</span> <span class='ocrx_word' id='word_1_37' title='bbox 1079 478 1159 519; x_wconf 85' lang='lat' dir='ltr'>sic:</span> <span class='ocrx_word' id='word_1_38' title='bbox 1200 477 1295 530; x_wconf 84' lang='lat' dir='ltr'>Qui</span> <span class='ocrx_word' id='word_1_39' title='bbox 1327 490 1418 519; x_wconf 93' lang='lat' dir='ltr'>non</span> <span class='ocrx_word' id='word_1_40' title='bbox 1463 478 1721 520; x_wconf 83' lang='lat' dir='ltr'>renuntiat</span> 
     </span>
     <span class='ocr_line' id='line_1_9' title="bbox 189 548 1718 602; baseline 0.001 -12"><span class='ocrx_word' id='word_1_41' title='bbox 189 548 431 599; x_wconf 90' lang='lat' dir='ltr'>omnibus,</span> <span class='ocrx_word' id='word_1_42' title='bbox 466 561 587 602; x_wconf 87' lang='lat' dir='ltr'>quae</span> <span class='ocrx_word' id='word_1_43' title='bbox 621 551 737 590; x_wconf 89' lang='lat' dir='ltr'>sunt</span> <span class='ocrx_word' id='word_1_44' title='bbox 769 548 891 598; x_wconf 77' lang='lat' dir='ltr'>eiUS,</span> <span class='ocrx_word' id='word_1_45' title='bbox 931 561 1022 591; x_wconf 94' lang='lat' dir='ltr'>non</span> <span class='ocrx_word' id='word_1_46' title='bbox 1056 551 1227 601; x_wconf 86' lang='lat' dir='ltr'>potest</span> <span class='ocrx_word' id='word_1_47' title='bbox 1259 561 1396 590; x_wconf 88' lang='lat' dir='ltr'>meus</span> <span class='ocrx_word' id='word_1_48' title='bbox 1432 548 1718 602; x_wconf 83' lang='lat' dir='ltr'>discipulus</span> 
     </span>
     <span class='ocr_line' id='line_1_10' title="bbox 188 618 1719 672; baseline 0.001 -13"><span class='ocrx_word' id='word_1_49' title='bbox 188 631 297 660; x_wconf 86' lang='lat' dir='ltr'>esse</span> <span class='ocrx_word' id='word_1_50' title='bbox 331 642 400 669; x_wconf 94' lang='lat'>—,</span> <span class='ocrx_word' id='word_1_51' title='bbox 436 620 622 672; x_wconf 85' lang='lat' dir='ltr'>profecto</span> <span class='ocrx_word' id='word_1_52' title='bbox 656 619 868 661; x_wconf 76' lang='lat' dir='ltr'>renuntiat</span> <span class='ocrx_word' id='word_1_53' title='bbox 900 619 1026 660; x_wconf 85' lang='lat' dir='ltr'>etiam</span> <span class='ocrx_word' id='word_1_54' title='bbox 1055 618 1218 660; x_wconf 86' lang='lat' dir='ltr'>diuitiis</span> <span class='ocrx_word' id='word_1_55' title='bbox 1248 618 1352 668; x_wconf 90' lang='lat' dir='ltr'>suis,</span> <span class='ocrx_word' id='word_1_56' title='bbox 1386 619 1421 660; x_wconf 93' lang='lat' dir='ltr'>si</span> <span class='ocrx_word' id='word_1_57' title='bbox 1449 632 1553 672; x_wconf 88' lang='lat' dir='ltr'>quas</span> <span class='ocrx_word' id='word_1_58' title='bbox 1579 619 1719 670; x_wconf 84' lang='lat' dir='ltr'>habet,</span> 
     </span>
     <span class='ocr_line' id='line_1_11' title="bbox 188 689 1720 745; baseline 0.001 -15"><span class='ocrx_word' id='word_1_59' title='bbox 188 692 261 731; x_wconf 86' lang='lat' dir='ltr'>ant</span> <span class='ocrx_word' id='word_1_60' title='bbox 294 690 367 738; x_wconf 84' lang='lat' dir='ltr'>sie,</span> <span class='ocrx_word' id='word_1_61' title='bbox 408 694 456 731; x_wconf 88' lang='lat' dir='ltr'>ut</span> <span class='ocrx_word' id='word_1_62' title='bbox 488 703 557 731; x_wconf 84' lang='lat' dir='ltr'>eas</span> <span class='ocrx_word' id='word_1_63' title='bbox 592 690 760 731; x_wconf 92' lang='lat' dir='ltr'>omnino</span> <span class='ocrx_word' id='word_1_64' title='bbox 800 703 879 732; x_wconf 91' lang='lat' dir='ltr'>non</span> <span class='ocrx_word' id='word_1_65' title='bbox 913 689 1093 745; x_wconf 86' lang='lat' dir='ltr'>diligens</span> <span class='ocrx_word' id='word_1_66' title='bbox 1126 691 1238 731; x_wconf 86' lang='lat' dir='ltr'>totas</span> <span class='ocrx_word' id='word_1_67' title='bbox 1277 689 1502 731; x_wconf 84' lang='lat' dir='ltr'>distribuat</span> <span class='ocrx_word' id='word_1_68' title='bbox 1534 690 1720 745; x_wconf 85' lang='lat' dir='ltr'>indigen-</span> 
     </span>
     <span class='ocr_line' id='line_1_12' title="bbox 187 760 1719 816; baseline 0.001 -14"><span class='ocrx_word' id='word_1_69' title='bbox 187 762 301 803; x_wconf 82' lang='lat' dir='ltr'>tibus</span> <span class='ocrx_word' id='word_1_70' title='bbox 329 764 371 803; x_wconf 92' lang='lat' dir='ltr'>et</span> <span class='ocrx_word' id='word_1_71' title='bbox 397 762 620 815; x_wconf 86' lang='lat' dir='ltr'>superfluis</span> <span class='ocrx_word' id='word_1_72' title='bbox 649 764 892 803; x_wconf 80' lang='lat' dir='ltr'>exoneretur</span> <span class='ocrx_word' id='word_1_73' title='bbox 919 761 1106 811; x_wconf 81' lang='lat' dir='ltr'>sarcinis,</span> <span class='ocrx_word' id='word_1_74' title='bbox 1141 763 1214 802; x_wconf 85' lang='lat' dir='ltr'>aut</span> <span class='ocrx_word' id='word_1_75' title='bbox 1241 760 1315 810; x_wconf 81' lang='lat' dir='ltr'>sic.¹</span> <span class='ocrx_word' id='word_1_76' title='bbox 1344 763 1392 802; x_wconf 92' lang='lat' dir='ltr'>ut</span> <span class='ocrx_word' id='word_1_77' title='bbox 1416 761 1512 813; x_wconf 90' lang='lat' dir='ltr'>plus</span> <span class='ocrx_word' id='word_1_78' title='bbox 1540 761 1719 816; x_wconf 88' lang='lat' dir='ltr'>diligens</span> 
     </span>
     <span class='ocr_line' id='line_1_13' title="bbox 189 831 1722 887; baseline -0.001 -13"><span class='ocrx_word' id='word_1_79' title='bbox 189 832 401 875; x_wconf 84' lang='lat' dir='ltr'>Christum</span> <span class='ocrx_word' id='word_1_80' title='bbox 443 846 560 887; x_wconf 90' lang='lat' dir='ltr'>spem</span> <span class='ocrx_word' id='word_1_81' title='bbox 600 833 650 874; x_wconf 82' lang='lat' dir='ltr'>ab</span> <span class='ocrx_word' id='word_1_82' title='bbox 690 833 750 874; x_wconf 86' lang='lat' dir='ltr'>eis</span> <span class='ocrx_word' id='word_1_83' title='bbox 794 832 1021 874; x_wconf 85' lang='lat' dir='ltr'>transferat</span> <span class='ocrx_word' id='word_1_84' title='bbox 1056 832 1098 873; x_wconf 92' lang='lat' dir='ltr'>in</span> <span class='ocrx_word' id='word_1_85' title='bbox 1137 831 1278 885; x_wconf 91' lang='lat' dir='ltr'>ipsum</span> <span class='ocrx_word' id='word_1_86' title='bbox 1317 834 1442 884; x_wconf 87' lang='lat' dir='ltr'>atque</span> <span class='ocrx_word' id='word_1_87' title='bbox 1481 832 1541 874; x_wconf 88' lang='lat' dir='ltr'>ita</span> <span class='ocrx_word' id='word_1_88' title='bbox 1576 835 1722 874; x_wconf 87' lang='lat' dir='ltr'>utatur</span> 
     </span>
     <span class='ocr_line' id='line_1_14' title="bbox 188 902 1719 954; baseline 0 -9"><span class='ocrx_word' id='word_1_89' title='bbox 188 905 285 954; x_wconf 90' lang='lat' dir='ltr'>illis,</span> <span class='ocrx_word' id='word_1_90' title='bbox 326 906 373 946; x_wconf 90' lang='lat' dir='ltr'>ut</span> <span class='ocrx_word' id='word_1_91' title='bbox 410 903 532 946; x_wconf 79' lang='lat' dir='ltr'>facile</span> <span class='ocrx_word' id='word_1_92' title='bbox 570 904 758 945; x_wconf 82' lang='lat' dir='ltr'>tribuens</span> <span class='ocrx_word' id='word_1_93' title='bbox 791 906 834 945; x_wconf 90' lang='lat' dir='ltr'>et</span> <span class='ocrx_word' id='word_1_94' title='bbox 870 903 1188 945; x_wconf 82' lang='lat' dir='ltr'>communicans</span> <span class='ocrx_word' id='word_1_95' title='bbox 1226 903 1485 944; x_wconf 83' lang='lat' dir='ltr'>thesaurizet</span> <span class='ocrx_word' id='word_1_96' title='bbox 1522 902 1562 944; x_wconf 91' lang='lat' dir='ltr'>in</span> <span class='ocrx_word' id='word_1_97' title='bbox 1603 904 1719 945; x_wconf 85' lang='lat' dir='ltr'>eaelo</span> 
     </span>
     <span class='ocr_line' id='line_1_15' title="bbox 187 973 1718 1029; baseline 0 -13"><span class='ocrx_word' id='word_1_98' title='bbox 187 977 441 1028; x_wconf 83' lang='lat' dir='ltr'>paratusque</span> <span class='ocrx_word' id='word_1_99' title='bbox 482 975 550 1025; x_wconf 89' lang='lat' dir='ltr'>sit,</span> <span class='ocrx_word' id='word_1_100' title='bbox 592 987 715 1029; x_wconf 90' lang='lat' dir='ltr'>quem</span> <span class='ocrx_word' id='word_1_101' title='bbox 750 974 801 1016; x_wconf 86' lang='lat' dir='ltr'>ad</span> <span class='ocrx_word' id='word_1_102' title='bbox 839 974 1013 1015; x_wconf 87' lang='lat' dir='ltr'>modurn</span> <span class='ocrx_word' id='word_1_103' title='bbox 1052 976 1245 1027; x_wconf 89' lang='lat' dir='ltr'>parentes</span> <span class='ocrx_word' id='word_1_104' title='bbox 1279 976 1321 1015; x_wconf 91' lang='lat' dir='ltr'>et</span> <span class='ocrx_word' id='word_1_105' title='bbox 1353 973 1462 1015; x_wconf 86' lang='lat' dir='ltr'>filios</span> <span class='ocrx_word' id='word_1_106' title='bbox 1495 976 1538 1015; x_wconf 88' lang='lat' dir='ltr'>et</span> <span class='ocrx_word' id='word_1_107' title='bbox 1570 974 1718 1016; x_wconf 88' lang='lat' dir='ltr'>fratres</span> 
     </span>
     <span class='ocr_line' id='line_1_16' title="bbox 188 1045 1718 1099; baseline 0 -12"><span class='ocrx_word' id='word_1_108' title='bbox 188 1049 229 1087; x_wconf 91' lang='lat' dir='ltr'>et</span> <span class='ocrx_word' id='word_1_109' title='bbox 267 1059 451 1096; x_wconf 83' lang='lat' dir='ltr'>uxorem,</span> <span class='ocrx_word' id='word_1_110' title='bbox 497 1047 573 1088; x_wconf 84' lang='lat' dir='ltr'>hoe</span> <span class='ocrx_word' id='word_1_111' title='bbox 620 1046 744 1088; x_wconf 87' lang='lat' dir='ltr'>modo</span> <span class='ocrx_word' id='word_1_112' title='bbox 785 1048 826 1087; x_wconf 93' lang='lat' dir='ltr'>et</span> <span class='ocrx_word' id='word_1_113' title='bbox 863 1046 968 1087; x_wconf 83' lang='lat' dir='ltr'>istas</span> <span class='ocrx_word' id='word_1_114' title='bbox 1012 1045 1263 1099; x_wconf 76' lang='lat' dir='ltr'>relinquere,</span> <span class='ocrx_word' id='word_1_115' title='bbox 1310 1046 1346 1086; x_wconf 90' lang='lat' dir='ltr'>si</span> <span class='ocrx_word' id='word_1_116' title='bbox 1385 1045 1483 1086; x_wconf 85' lang='lat' dir='ltr'>talis</span> <span class='ocrx_word' id='word_1_117' title='bbox 1529 1046 1718 1088; x_wconf 84' lang='lat' dir='ltr'>condicio</span> 
     </span>
     <span class='ocr_line' id='line_1_17' title="bbox 188 1116 1718 1171; baseline 0 -13"><span class='ocrx_word' id='word_1_118' title='bbox 188 1118 401 1171; x_wconf 82' lang='lat' dir='ltr'>proposita</span> <span class='ocrx_word' id='word_1_119' title='bbox 426 1117 567 1167; x_wconf 85' lang='lat' dir='ltr'>fuerit,</span> <span class='ocrx_word' id='word_1_120' title='bbox 602 1120 649 1158; x_wconf 91' lang='lat' dir='ltr'>nt</span> <span class='ocrx_word' id='word_1_121' title='bbox 674 1117 754 1158; x_wconf 86' lang='lat' dir='ltr'>nisi</span> <span class='ocrx_word' id='word_1_122' title='bbox 782 1117 956 1158; x_wconf 90' lang='lat' dir='ltr'>dimisso</span> <span class='ocrx_word' id='word_1_123' title='bbox 986 1116 1153 1159; x_wconf 86' lang='lat' dir='ltr'>Christo</span> <span class='ocrx_word' id='word_1_124' title='bbox 1181 1129 1250 1157; x_wconf 86' lang='lat' dir='ltr'>eas</span> <span class='ocrx_word' id='word_1_125' title='bbox 1278 1116 1430 1157; x_wconf 85' lang='lat' dir='ltr'>habere</span> <span class='ocrx_word' id='word_1_126' title='bbox 1456 1129 1534 1158; x_wconf 93' lang='lat' dir='ltr'>non</span> <span class='ocrx_word' id='word_1_127' title='bbox 1569 1117 1718 1171; x_wconf 85' lang='lat' dir='ltr'>possit.</span> 
     </span>
     <span class='ocr_line' id='line_1_18' title="bbox 187 1187 1719 1241; baseline 0 -12"><span class='ocrx_word' id='word_1_128' title='bbox 187 1201 281 1229; x_wconf 78' lang='lat' dir='ltr'>nam</span> <span class='ocrx_word' id='word_1_129' title='bbox 314 1189 349 1230; x_wconf 93' lang='lat' dir='ltr'>si</span> <span class='ocrx_word' id='word_1_130' title='bbox 383 1188 503 1230; x_wconf 84' lang='lat' dir='ltr'>aliter</span> <span class='ocrx_word' id='word_1_131' title='bbox 535 1188 634 1230; x_wconf 85' lang='grc'>111116</span> <span class='ocrx_word' id='word_1_132' title='bbox 667 1189 836 1230; x_wconf 84' lang='lat' dir='ltr'>saeculo</span> <span class='ocrx_word' id='word_1_133' title='bbox 876 1188 1100 1238; x_wconf 82' lang='lat' dir='ltr'>renuntiat,</span> <span class='ocrx_word' id='word_1_134' title='bbox 1141 1187 1305 1241; x_wconf 87' lang='lat' dir='ltr'>quando</span> <span class='ocrx_word' id='word_1_135' title='bbox 1345 1187 1509 1229; x_wconf 85' lang='lat' dir='ltr'>aceedit</span> <span class='ocrx_word' id='word_1_136' title='bbox 1539 1188 1591 1230; x_wconf 85' lang='lat' dir='ltr'>ad</span> <span class='ocrx_word' id='word_1_137' title='bbox 1622 1188 1719 1230; x_wconf 88' lang='lat' dir='ltr'>fidei</span> 
     </span>
     <span class='ocr_line' id='line_1_19' title="bbox 187 1258 1718 1313; baseline -0.001 -12"><span class='ocrx_word' id='word_1_138' title='bbox 187 1263 510 1310; x_wconf 80' lang='lat' dir='ltr'>sacramentum,</span> <span class='ocrx_word' id='word_1_139' title='bbox 549 1260 664 1310; x_wconf 85' lang='lat' dir='ltr'>facit,</span> <span class='ocrx_word' id='word_1_140' title='bbox 704 1259 816 1313; x_wconf 87' lang='lat' dir='ltr'>quod</span> <span class='ocrx_word' id='word_1_141' title='bbox 850 1259 899 1300; x_wconf 91' lang='lat' dir='ltr'>de</span> <span class='ocrx_word' id='word_1_142' title='bbox 931 1259 1062 1313; x_wconf 85' lang='lat' dir='ltr'>lapsis</span> <span class='ocrx_word' id='word_1_143' title='bbox 1094 1259 1245 1300; x_wconf 89' lang='lat' dir='ltr'>beatus</span> <span class='ocrx_word' id='word_1_144' title='bbox 1280 1258 1511 1313; x_wconf 84' lang='lat' dir='ltr'>Cyprianus</span> <span class='ocrx_word' id='word_1_145' title='bbox 1543 1258 1718 1313; x_wconf 88' lang='lat' dir='ltr'>ingemit</span> 
     </span>
     <span class='ocr_line' id='line_1_20' title="bbox 189 1329 1718 1373; baseline 0.001 -3"><span class='ocrx_word' id='word_1_146' title='bbox 189 1330 351 1372; x_wconf 80' lang='lat' dir='ltr'>dicens:</span> <span class='ocrx_word' id='word_1_147' title='bbox 396 1330 586 1372; x_wconf 80' lang='lat' dir='ltr'>‘Saeculo</span> <span class='ocrx_word' id='word_1_148' title='bbox 626 1330 767 1372; x_wconf 86' lang='lat' dir='ltr'>uerbis</span> <span class='ocrx_word' id='word_1_149' title='bbox 808 1330 909 1371; x_wconf 88' lang='lat' dir='ltr'>solis</span> <span class='ocrx_word' id='word_1_150' title='bbox 950 1333 990 1371; x_wconf 89' lang='lat' dir='ltr'>et</span> <span class='ocrx_word' id='word_1_151' title='bbox 1027 1343 1106 1371; x_wconf 92' lang='lat' dir='ltr'>non</span> <span class='ocrx_word' id='word_1_152' title='bbox 1146 1329 1269 1371; x_wconf 80' lang='lat' dir='ltr'>factis</span> <span class='ocrx_word' id='word_1_153' title='bbox 1307 1330 1622 1373; x_wconf 84' lang='lat' dir='ltr'>renuntiantes‘.</span> <span class='ocrx_word' id='word_1_154' title='bbox 1669 1330 1718 1372; x_wconf 86' lang='lat' dir='ltr'>de</span> 
     </span>
     <span class='ocr_line' id='line_1_21' title="bbox 188 1401 1719 1456; baseline 0 -14"><span class='ocrx_word' id='word_1_155' title='bbox 188 1401 265 1442; x_wconf 83' lang='lat' dir='ltr'>hoe</span> <span class='ocrx_word' id='word_1_156' title='bbox 316 1402 470 1456; x_wconf 89' lang='lat' dir='ltr'>quippe</span> <span class='ocrx_word' id='word_1_157' title='bbox 521 1401 688 1451; x_wconf 82' lang='lat' dir='ltr'>dicitur,</span> <span class='ocrx_word' id='word_1_158' title='bbox 739 1414 835 1443; x_wconf 84' lang='lat' dir='ltr'>oum</span> <span class='ocrx_word' id='word_1_159' title='bbox 886 1401 1079 1442; x_wconf 88' lang='lat' dir='ltr'>ueniente</span> <span class='ocrx_word' id='word_1_160' title='bbox 1129 1401 1405 1454; x_wconf 83' lang='lat' dir='ltr'>temptatione</span> <span class='ocrx_word' id='word_1_161' title='bbox 1456 1401 1592 1456; x_wconf 82' lang='lat' dir='ltr'>magis</span> <span class='ocrx_word' id='word_1_162' title='bbox 1636 1402 1719 1442; x_wconf 81' lang='lat' dir='ltr'>ista</span> 
     </span>
     <span class='ocr_line' id='line_1_22' title="bbox 188 1472 1718 1527; baseline 0 -13"><span class='ocrx_word' id='word_1_163' title='bbox 188 1473 341 1514; x_wconf 84' lang='lat' dir='ltr'>metuit</span> <span class='ocrx_word' id='word_1_164' title='bbox 379 1473 572 1514; x_wconf 84' lang='lat' dir='ltr'>amittere</span> <span class='ocrx_word' id='word_1_165' title='bbox 617 1486 741 1526; x_wconf 85' lang='lat' dir='ltr'>quam</span> <span class='ocrx_word' id='word_1_166' title='bbox 783 1472 1000 1514; x_wconf 82' lang='lat' dir='ltr'>Christum</span> <span class='ocrx_word' id='word_1_167' title='bbox 1043 1484 1216 1527; x_wconf 83' lang='lat' dir='ltr'>negare:</span> <span class='ocrx_word' id='word_1_168' title='bbox 1264 1472 1388 1514; x_wconf 82' lang='lat' dir='ltr'>Ecce</span> <span class='ocrx_word' id='word_1_169' title='bbox 1433 1473 1589 1522; x_wconf 91' lang='lat' dir='ltr'>homo,</span> <span class='ocrx_word' id='word_1_170' title='bbox 1635 1473 1718 1526; x_wconf 87' lang='lat' dir='ltr'>qui</span> 
     </span>
     <span class='ocr_line' id='line_1_23' title="bbox 190 1543 1719 1597; baseline 0 -12"><span class='ocrx_word' id='word_1_171' title='bbox 190 1544 358 1597; x_wconf 84' lang='lat' dir='ltr'>eoepit</span> <span class='ocrx_word' id='word_1_172' title='bbox 392 1543 663 1584; x_wconf 82' lang='lat' dir='ltr'>aedificare</span> <span class='ocrx_word' id='word_1_173' title='bbox 692 1546 739 1584; x_wconf 90' lang='lat' dir='ltr'>et</span> <span class='ocrx_word' id='word_1_174' title='bbox 764 1555 853 1584; x_wconf 92' lang='lat' dir='ltr'>non</span> <span class='ocrx_word' id='word_1_175' title='bbox 883 1543 1050 1597; x_wconf 89' lang='lat' dir='ltr'>potuit</span> <span class='ocrx_word' id='word_1_176' title='bbox 1075 1543 1334 1597; x_wconf 78' lang='lat' dir='ltr'>perficere.</span> <span class='ocrx_word' id='word_1_177' title='bbox 1368 1543 1458 1596; x_wconf 91' lang='lat' dir='ltr'>ipse</span> <span class='ocrx_word' id='word_1_178' title='bbox 1485 1546 1550 1584; x_wconf 91' lang='lat' dir='ltr'>est</span> <span class='ocrx_word' id='word_1_179' title='bbox 1576 1544 1719 1594; x_wconf 83' lang='lat' dir='ltr'>etiam,</span> 
     </span>
     <span class='ocr_line' id='line_1_24' title="bbox 191 1613 1718 1670; baseline 0.001 -15"><span class='ocrx_word' id='word_1_180' title='bbox 191 1615 274 1668; x_wconf 89' lang='lat' dir='ltr'>qui,</span> <span class='ocrx_word' id='word_1_181' title='bbox 309 1627 403 1655; x_wconf 87' lang='grc'>611111</span> <span class='ocrx_word' id='word_1_182' title='bbox 445 1613 581 1655; x_wconf 86' lang='lat' dir='ltr'>adhuc</span> <span class='ocrx_word' id='word_1_183' title='bbox 620 1614 746 1668; x_wconf 80' lang='lat' dir='ltr'>longe</span> <span class='ocrx_word' id='word_1_184' title='bbox 786 1616 899 1655; x_wconf 86' lang='lat' dir='ltr'>esset</span> <span class='ocrx_word' id='word_1_185' title='bbox 937 1614 1202 1655; x_wconf 80' lang='lat' dir='ltr'>aduersarius</span> <span class='ocrx_word' id='word_1_186' title='bbox 1242 1614 1347 1663; x_wconf 88' lang='lat' dir='ltr'>eius,</span> <span class='ocrx_word' id='word_1_187' title='bbox 1387 1613 1520 1655; x_wconf 88' lang='lat' dir='ltr'>mittit</span> <span class='ocrx_word' id='word_1_188' title='bbox 1555 1614 1718 1670; x_wconf 83' lang='lat' dir='ltr'>legatos</span> 
     </span>
     <span class='ocr_line' id='line_1_25' title="bbox 188 1684 1719 1739; baseline 0 -14"><span class='ocrx_word' id='word_1_189' title='bbox 188 1698 391 1738; x_wconf 82' lang='lat' dir='ltr'>quaerens</span> <span class='ocrx_word' id='word_1_190' title='bbox 429 1697 590 1737; x_wconf 85' lang='lat' dir='ltr'>pacem,</span> <span class='ocrx_word' id='word_1_191' title='bbox 630 1684 671 1725; x_wconf 89' lang='lat' dir='ltr'>id</span> <span class='ocrx_word' id='word_1_192' title='bbox 711 1686 775 1726; x_wconf 89' lang='lat' dir='ltr'>est</span> <span class='ocrx_word' id='word_1_193' title='bbox 812 1684 994 1725; x_wconf 90' lang='lat' dir='ltr'>nondum</span> <span class='ocrx_word' id='word_1_194' title='bbox 1041 1684 1253 1739; x_wconf 83' lang='lat' dir='ltr'>affligente</span> <span class='ocrx_word' id='word_1_195' title='bbox 1292 1684 1365 1726; x_wconf 87' lang='lat' dir='ltr'>sed</span> <span class='ocrx_word' id='word_1_196' title='bbox 1403 1684 1540 1726; x_wconf 83' lang='lat' dir='ltr'>adhue</span> <span class='ocrx_word' id='word_1_197' title='bbox 1585 1685 1719 1726; x_wconf 90' lang='lat' dir='ltr'>immi-</span> 
     </span>
     <span class='ocr_line' id='line_1_26' title="bbox 189 1755 1717 1809; baseline 0 -12"><span class='ocrx_word' id='word_1_198' title='bbox 189 1760 310 1797; x_wconf 90' lang='lat' dir='ltr'>nente</span> <span class='ocrx_word' id='word_1_199' title='bbox 343 1768 389 1797; x_wconf 82' lang='lat' dir='ltr'>ac</span> <span class='ocrx_word' id='word_1_200' title='bbox 423 1755 607 1797; x_wconf 86' lang='lat' dir='ltr'>minante</span> <span class='ocrx_word' id='word_1_201' title='bbox 645 1755 935 1809; x_wconf 82' lang='lat' dir='ltr'>temptatione,</span> <span class='ocrx_word' id='word_1_202' title='bbox 975 1758 1023 1797; x_wconf 89' lang='lat' dir='ltr'>ut</span> <span class='ocrx_word' id='word_1_203' title='bbox 1061 1756 1126 1797; x_wconf 89' lang='lat' dir='ltr'>his</span> <span class='ocrx_word' id='word_1_204' title='bbox 1167 1769 1247 1797; x_wconf 91' lang='lat' dir='ltr'>non</span> <span class='ocrx_word' id='word_1_205' title='bbox 1287 1758 1438 1804; x_wconf 82' lang='lat' dir='ltr'>eareat,</span> <span class='ocrx_word' id='word_1_206' title='bbox 1478 1769 1583 1809; x_wconf 86' lang='lat' dir='ltr'>quae</span> <span class='ocrx_word' id='word_1_207' title='bbox 1621 1757 1717 1809; x_wconf 90' lang='lat' dir='ltr'>plus</span> 
     </span>
     <span class='ocr_line' id='line_1_27' title="bbox 188 1826 1719 1882; baseline 0.001 -15"><span class='ocrx_word' id='word_1_208' title='bbox 188 1827 342 1882; x_wconf 81' lang='lat' dir='ltr'>diligit,</span> <span class='ocrx_word' id='word_1_209' title='bbox 381 1827 432 1868; x_wconf 84' lang='lat' dir='ltr'>ad</span> <span class='ocrx_word' id='word_1_210' title='bbox 464 1826 781 1880; x_wconf 89' lang='lat' dir='ltr'>relinquendum</span> <span class='ocrx_word' id='word_1_211' title='bbox 818 1827 1034 1868; x_wconf 75' lang='lat' dir='ltr'>Christum</span> <span class='ocrx_word' id='word_1_212' title='bbox 1068 1827 1388 1881; x_wconf 82' lang='lat' dir='ltr'>negandumque</span> <span class='ocrx_word' id='word_1_213' title='bbox 1422 1827 1644 1868; x_wconf 84' lang='lat' dir='ltr'>consentit.</span> <span class='ocrx_word' id='word_1_214' title='bbox 1679 1830 1719 1868; x_wconf 87' lang='lat' dir='ltr'>et</span> 
     </span>
    </p>
   </div>
   <div class='ocr_carea' id='block_1_6' title="bbox 187 2000 1716 2102">
    <p class='ocr_par' dir='ltr' id='par_1_6' title="bbox 187 2000 1716 2102">
     <span class='ocr_line' id='line_1_28' title="bbox 307 2000 1716 2047; baseline 0 -13"><span class='ocrx_word' id='word_1_215' title='bbox 307 2002 327 2034; x_wconf 79' lang='lat'>2</span> <span class='ocrx_word' id='word_1_216' title='bbox 355 2000 439 2035; x_wconf 89' lang='lat' dir='ltr'>an.</span> <span class='ocrx_word' id='word_1_217' title='bbox 468 2001 521 2039; x_wconf 92' lang='lat'>14,</span> <span class='ocrx_word' id='word_1_218' title='bbox 548 2001 689 2034; x_wconf 66' lang='lat'>28—33</span> <span class='ocrx_word' id='word_1_219' title='bbox 766 2002 808 2034; x_wconf 94' lang='grc'>10</span> <span class='ocrx_word' id='word_1_220' title='bbox 837 2000 851 2034; x_wconf 90' lang='grc' dir='ltr'>Ι</span> <span class='ocrx_word' id='word_1_221' title='bbox 878 2000 968 2035; x_wconf 86' lang='lat' dir='ltr'>Tim.</span> <span class='ocrx_word' id='word_1_222' title='bbox 997 2002 1029 2043; x_wconf 82' lang='lat'>6,</span> <span class='ocrx_word' id='word_1_223' title='bbox 1059 2001 1197 2035; x_wconf 64' lang='lat' dir='ltr'>ls-ls</span> <span class='ocrx_word' id='word_1_224' title='bbox 1275 2002 1317 2036; x_wconf 91' lang='grc'>16</span> <span class='ocrx_word' id='word_1_225' title='bbox 1345 2001 1449 2047; x_wconf 81' lang='lat' dir='ltr'>Cypr.</span> <span class='ocrx_word' id='word_1_226' title='bbox 1478 2012 1532 2046; x_wconf 82' lang='lat' dir='ltr'>ep.</span> <span class='ocrx_word' id='word_1_227' title='bbox 1560 2000 1622 2037; x_wconf 77' lang='lat' dir='ltr'>XI.</span> <span class='ocrx_word' id='word_1_228' title='bbox 1645 2002 1658 2034; x_wconf 93' lang='lat'>1</span> <span class='ocrx_word' id='word_1_229' title='bbox 1685 2012 1716 2045; x_wconf 84' lang='lat' dir='ltr'>p.</span> 
     </span>
     <span class='ocr_line' id='line_1_29' title="bbox 187 2058 1412 2102; baseline 0.001 -8"><span class='ocrx_word' id='word_1_230' title='bbox 187 2060 267 2102; x_wconf 71' lang='lat'>496,</span> <span class='ocrx_word' id='word_1_231' title='bbox 294 2060 387 2093; x_wconf 69' lang='lat'>4-:3</span> <span class='ocrx_word' id='word_1_232' title='bbox 415 2058 468 2093; x_wconf 88' lang='lat' dir='ltr'>ed.</span> <span class='ocrx_word' id='word_1_233' title='bbox 498 2059 636 2094; x_wconf 84' lang='lat' dir='ltr'>Hartel.</span> <span class='ocrx_word' id='word_1_234' title='bbox 715 2060 756 2094; x_wconf 82' lang='lat'>18</span> <span class='ocrx_word' id='word_1_235' title='bbox 782 2059 867 2094; x_wconf 80' lang='lat' dir='ltr'>Luc.</span> <span class='ocrx_word' id='word_1_236' title='bbox 898 2061 952 2102; x_wconf 80' lang='lat'>14,</span> <span class='ocrx_word' id='word_1_237' title='bbox 979 2060 1024 2094; x_wconf 95' lang='grc' dir='ltr'>3Ο</span> <span class='ocrx_word' id='word_1_238' title='bbox 1101 2061 1143 2095; x_wconf 88' lang='lat'>19</span> <span class='ocrx_word' id='word_1_239' title='bbox 1170 2061 1254 2095; x_wconf 88' lang='lat' dir='ltr'>Luc.</span> <span class='ocrx_word' id='word_1_240' title='bbox 1286 2062 1339 2101; x_wconf 85' lang='lat'>14,</span> <span class='ocrx_word' id='word_1_241' title='bbox 1367 2062 1412 2095; x_wconf 81' lang='lat'>32</span> 
     </span>
    </p>
   </div>
   <div class='ocr_carea' id='block_1_7' title="bbox 187 2141 1720 2365">
    <p class='ocr_par' dir='ltr' id='par_1_7' title="bbox 187 2141 1720 2365">
     <span class='ocr_line' id='line_1_30' title="bbox 239 2141 1719 2187; baseline -0.001 -11"><span class='ocrx_word' id='word_1_242' title='bbox 239 2142 252 2175; x_wconf 92' lang='lat' dir='ltr'>l</span> <span class='ocrx_word' id='word_1_243' title='bbox 284 2141 358 2176; x_wconf 85' lang='lat' dir='ltr'>eius</span> <span class='ocrx_word' id='word_1_244' title='bbox 385 2152 465 2179; x_wconf 74' lang='lat' dir='ltr'>om..</span> <span class='ocrx_word' id='word_1_245' title='bbox 492 2152 535 2175; x_wconf 85' lang='lat' dir='ltr'>m.</span> <span class='ocrx_word' id='word_1_246' title='bbox 565 2143 590 2175; x_wconf 73' lang='lat'><em>2</em></span> <span class='ocrx_word' id='word_1_247' title='bbox 617 2141 702 2175; x_wconf 76' lang='lat' dir='ltr'>add.</span> <span class='ocrx_word' id='word_1_248' title='bbox 730 2141 762 2175; x_wconf 83' lang='lat' dir='ltr'><em>L</em></span> <span class='ocrx_word' id='word_1_249' title='bbox 883 2142 999 2186; x_wconf 86' lang='lat' dir='ltr'>possit</span> <span class='ocrx_word' id='word_1_250' title='bbox 1026 2141 1160 2177; x_wconf 83' lang='lat' dir='ltr'>Christi</span> <span class='ocrx_word' id='word_1_251' title='bbox 1187 2142 1266 2177; x_wconf 80' lang='lat' dir='ltr'>edd.</span> <span class='ocrx_word' id='word_1_252' title='bbox 1400 2144 1523 2187; x_wconf 85' lang='lat' dir='ltr'>posset</span> <span class='ocrx_word' id='word_1_253' title='bbox 1553 2141 1583 2175; x_wconf 83' lang='lat' dir='ltr'><em>C</em></span> <span class='ocrx_word' id='word_1_254' title='bbox 1607 2144 1664 2183; x_wconf 86' lang='lat' dir='ltr'>(m.</span> <span class='ocrx_word' id='word_1_255' title='bbox 1694 2143 1719 2175; x_wconf 82' lang='grc'><em>2</em></span> 
     </span>
     <span class='ocr_line' id='line_1_31' title="bbox 188 2201 1720 2248; baseline -0.001 -13"><span class='ocrx_word' id='word_1_256' title='bbox 188 2201 318 2247; x_wconf 85' lang='lat' dir='ltr'>possit)</span> <span class='ocrx_word' id='word_1_257' title='bbox 345 2201 379 2234; x_wconf 71' lang='grc' dir='ltr'>Ι)</span> <span class='ocrx_word' id='word_1_258' title='bbox 403 2201 562 2246; x_wconf 81' lang='lat' dir='ltr'>possidet</span> <span class='ocrx_word' id='word_1_259' title='bbox 594 2202 623 2233; x_wconf 87' lang='lat'>()</span> <span class='ocrx_word' id='word_1_260' title='bbox 760 2203 782 2235; x_wconf 84' lang='lat'>4</span> <span class='ocrx_word' id='word_1_261' title='bbox 809 2201 1058 2236; x_wconf 79' lang='lat' dir='ltr'>similitudinis</span> <span class='ocrx_word' id='word_1_262' title='bbox 1085 2202 1120 2235; x_wconf 90' lang='lat' dir='ltr'><em>P</em></span> <span class='ocrx_word' id='word_1_263' title='bbox 1261 2203 1491 2248; x_wconf 55' lang='lat' dir='ltr'>p1·0m*sisset</span> <span class='ocrx_word' id='word_1_264' title='bbox 1516 2201 1610 2246; x_wconf 79' lang='lat' dir='ltr'>(fuit</span> <span class='ocrx_word' id='word_1_265' title='bbox 1636 2201 1659 2234; x_wconf 80' lang='grc'>11</span> <span class='ocrx_word' id='word_1_266' title='bbox 1691 2201 1720 2233; x_wconf 69' lang='lat' dir='ltr'>(J</span> 
     </span>
     <span class='ocr_line' id='line_1_32' title="bbox 237 2260 1717 2306; baseline -0.001 -12"><span class='ocrx_word' id='word_1_267' title='bbox 237 2261 287 2294; x_wconf 83' lang='lat' dir='ltr'>sie</span> <span class='ocrx_word' id='word_1_268' title='bbox 314 2261 389 2304; x_wconf 82' lang='lat' dir='ltr'>qui}</span> <span class='ocrx_word' id='word_1_269' title='bbox 418 2261 447 2294; x_wconf 88' lang='lat' dir='ltr'>si</span> <span class='ocrx_word' id='word_1_270' title='bbox 475 2261 553 2305; x_wconf 89' lang='lat' dir='ltr'>quis</span> <span class='ocrx_word' id='word_1_271' title='bbox 579 2260 648 2294; x_wconf 88' lang='lat' dir='ltr'>PL</span> <span class='ocrx_word' id='word_1_272' title='bbox 699 2262 718 2293; x_wconf 74' lang='grc' dir='ltr'>ἴ)</span> <span class='ocrx_word' id='word_1_273' title='bbox 740 2272 817 2295; x_wconf 86' lang='grc'>6666</span> <span class='ocrx_word' id='word_1_274' title='bbox 844 2260 1042 2306; x_wconf 76' lang='lat' dir='ltr'>discipulus</span> <span class='ocrx_word' id='word_1_275' title='bbox 1068 2261 1100 2295; x_wconf 89' lang='lat' dir='ltr'><em>T</em></span> <span class='ocrx_word' id='word_1_276' title='bbox 1123 2261 1202 2296; x_wconf 81' lang='lat' dir='ltr'>edd.</span> <span class='ocrx_word' id='word_1_277' title='bbox 1228 2273 1295 2299; x_wconf 81' lang='lat' dir='ltr'>sec.</span> <span class='ocrx_word' id='word_1_278' title='bbox 1322 2273 1415 2296; x_wconf 78' lang='lat' dir='ltr'>sacr.</span> <span class='ocrx_word' id='word_1_279' title='bbox 1438 2262 1505 2295; x_wconf 79' lang='lat' dir='ltr'>litt.</span> <span class='ocrx_word' id='word_1_280' title='bbox 1564 2262 1584 2294; x_wconf 85' lang='grc'>6</span> <span class='ocrx_word' id='word_1_281' title='bbox 1606 2271 1717 2294; x_wconf 90' lang='lat' dir='ltr'>enun-</span> 
     </span>
     <span class='ocr_line' id='line_1_33' title="bbox 187 2318 1720 2365; baseline -0.001 -12"><span class='ocrx_word' id='word_1_282' title='bbox 187 2319 257 2354; x_wconf 86' lang='lat' dir='ltr'>tiat</span> <span class='ocrx_word' id='word_1_283' title='bbox 287 2319 317 2354; x_wconf 92' lang='grc'>0</span> <span class='ocrx_word' id='word_1_284' title='bbox 414 2320 493 2364; x_wconf 85' lang='lat' dir='ltr'>quis</span> <span class='ocrx_word' id='word_1_285' title='bbox 523 2318 587 2354; x_wconf 80' lang='grc' dir='ltr'>(Ὀ</span> <span class='ocrx_word' id='word_1_286' title='bbox 709 2320 727 2353; x_wconf 80' lang='lat'>7</span> <span class='ocrx_word' id='word_1_287' title='bbox 756 2321 832 2365; x_wconf 75' lang='lat' dir='ltr'>aut]</span> <span class='ocrx_word' id='word_1_288' title='bbox 862 2320 923 2354; x_wconf 86' lang='lat' dir='ltr'>sed</span> <span class='ocrx_word' id='word_1_289' title='bbox 952 2322 1014 2354; x_wconf 88' lang='lat' dir='ltr'>aut</span> <span class='ocrx_word' id='word_1_290' title='bbox 1039 2320 1107 2354; x_wconf 91' lang='lat' dir='ltr'>PL</span> <span class='ocrx_word' id='word_1_291' title='bbox 1254 2323 1293 2355; x_wconf 89' lang='lat' dir='ltr'>ut</span> <span class='ocrx_word' id='word_1_292' title='bbox 1320 2332 1385 2355; x_wconf 85' lang='lat' dir='ltr'>om.</span> <span class='ocrx_word' id='word_1_293' title='bbox 1419 2321 1449 2353; x_wconf 85' lang='lat' dir='ltr'>I&#39;</span> <span class='ocrx_word' id='word_1_294' title='bbox 1579 2322 1659 2353; x_wconf 82' lang='lat' dir='ltr'>tota</span> <span class='ocrx_word' id='word_1_295' title='bbox 1686 2319 1720 2352; x_wconf 90' lang='lat' dir='ltr'><em>P</em></span> 
     </span>
    </p>
   </div>
   <div class='ocr_carea' id='block_1_8' title="bbox 187 2377 1720 2778">
    <p class='ocr_par' dir='ltr' id='par_1_8' title="bbox 187 2377 1720 2660">
     <span class='ocr_line' id='line_1_34' title="bbox 189 2377 1715 2425; baseline -0.001 -13"><span class='ocrx_word' id='word_1_296' title='bbox 189 2379 209 2412; x_wconf 82' lang='lat'>8</span> <span class='ocrx_word' id='word_1_297' title='bbox 236 2379 286 2423; x_wconf 78' lang='lat' dir='ltr'>et]</span> <span class='ocrx_word' id='word_1_298' title='bbox 314 2380 360 2422; x_wconf 81' lang='lat' dir='ltr'>et,</span> <span class='ocrx_word' id='word_1_299' title='bbox 387 2389 431 2414; x_wconf 88' lang='lat' dir='ltr'>m.</span> <span class='ocrx_word' id='word_1_300' title='bbox 460 2380 485 2412; x_wconf 82' lang='lat'><em>2</em></span> <span class='ocrx_word' id='word_1_301' title='bbox 511 2381 550 2412; x_wconf 89' lang='lat' dir='ltr'>ut</span> <span class='ocrx_word' id='word_1_302' title='bbox 580 2379 610 2413; x_wconf 78' lang='lat' dir='ltr'><em>G</em></span> <span class='ocrx_word' id='word_1_303' title='bbox 705 2379 940 2413; x_wconf 75' lang='lat' dir='ltr'>exhonoretur</span> <span class='ocrx_word' id='word_1_304' title='bbox 969 2379 1001 2412; x_wconf 64' lang='grc' dir='ltr'>Ι)</span> <span class='ocrx_word' id='word_1_305' title='bbox 1095 2379 1145 2413; x_wconf 91' lang='grc'>616</span> <span class='ocrx_word' id='word_1_306' title='bbox 1171 2379 1224 2425; x_wconf 86' lang='lat' dir='ltr'>ut]</span> <span class='ocrx_word' id='word_1_307' title='bbox 1253 2380 1302 2413; x_wconf 73' lang='grc'>616</span> <span class='ocrx_word' id='word_1_308' title='bbox 1329 2379 1364 2412; x_wconf 83' lang='lat' dir='ltr'>l&#39;</span> <span class='ocrx_word' id='word_1_309' title='bbox 1451 2379 1492 2413; x_wconf 94' lang='grc'>10</span> <span class='ocrx_word' id='word_1_310' title='bbox 1519 2377 1655 2412; x_wconf 79' lang='lat' dir='ltr'>tribuat</span> <span class='ocrx_word' id='word_1_311' title='bbox 1686 2377 1715 2411; x_wconf 83' lang='lat' dir='ltr'><em>L</em></span> 
     </span>
     <span class='ocr_line' id='line_1_35' title="bbox 192 2435 1720 2483; baseline -0.002 -11"><span class='ocrx_word' id='word_1_312' title='bbox 192 2438 233 2472; x_wconf 82' lang='lat'>12</span> <span class='ocrx_word' id='word_1_313' title='bbox 261 2437 349 2471; x_wconf 86' lang='lat' dir='ltr'>istas</span> <span class='ocrx_word' id='word_1_314' title='bbox 375 2439 486 2481; x_wconf 77' lang='lat' dir='ltr'>(post.</span> <span class='ocrx_word' id='word_1_315' title='bbox 513 2449 528 2471; x_wconf 92' lang='lat' dir='ltr'>s</span> <span class='ocrx_word' id='word_1_316' title='bbox 555 2441 648 2481; x_wconf 71' lang='lat' dir='ltr'>exp.)</span> <span class='ocrx_word' id='word_1_317' title='bbox 683 2438 714 2471; x_wconf 88' lang='lat' dir='ltr'><em>T</em></span> <span class='ocrx_word' id='word_1_318' title='bbox 737 2438 807 2472; x_wconf 87' lang='lat' dir='ltr'>ista</span> <span class='ocrx_word' id='word_1_319' title='bbox 837 2438 903 2472; x_wconf 80' lang='lat' dir='ltr'>PL</span> <span class='ocrx_word' id='word_1_320' title='bbox 980 2438 1021 2472; x_wconf 86' lang='lat'>13</span> <span class='ocrx_word' id='word_1_321' title='bbox 1049 2439 1255 2483; x_wconf 84' lang='lat' dir='ltr'>praeposita</span> <span class='ocrx_word' id='word_1_322' title='bbox 1282 2438 1316 2471; x_wconf 77' lang='lat'>1¹</span> <span class='ocrx_word' id='word_1_323' title='bbox 1418 2449 1477 2471; x_wconf 73' lang='lat' dir='ltr'>eas</span> <span class='ocrx_word' id='word_1_324' title='bbox 1503 2438 1533 2480; x_wconf 82' lang='lat' dir='ltr'>(s</span> <span class='ocrx_word' id='word_1_325' title='bbox 1561 2439 1654 2480; x_wconf 61' lang='lat' dir='ltr'>emp.)</span> <span class='ocrx_word' id='word_1_326' title='bbox 1688 2435 1720 2469; x_wconf 84' lang='lat' dir='ltr'><em>T</em></span> 
     </span>
     <span class='ocr_line' id='line_1_36' title="bbox 189 2495 1719 2539; baseline -0.003 -8"><span class='ocrx_word' id='word_1_327' title='bbox 189 2508 249 2531; x_wconf 85' lang='lat' dir='ltr'>eos</span> <span class='ocrx_word' id='word_1_328' title='bbox 279 2496 342 2531; x_wconf 56' lang='lat'>(20</span> <span class='ocrx_word' id='word_1_329' title='bbox 431 2498 471 2530; x_wconf 87' lang='grc'>14</span> <span class='ocrx_word' id='word_1_330' title='bbox 499 2507 579 2530; x_wconf 87' lang='lat' dir='ltr'>nam</span> <span class='ocrx_word' id='word_1_331' title='bbox 608 2500 644 2531; x_wconf 90' lang='lat' dir='ltr'>et</span> <span class='ocrx_word' id='word_1_332' title='bbox 670 2498 698 2531; x_wconf 88' lang='lat' dir='ltr'>si</span> <span class='ocrx_word' id='word_1_333' title='bbox 725 2500 776 2539; x_wconf 89' lang='lat' dir='ltr'>(et</span> <span class='ocrx_word' id='word_1_334' title='bbox 803 2497 888 2539; x_wconf 76' lang='lat' dir='ltr'>del.)</span> <span class='ocrx_word' id='word_1_335' title='bbox 923 2497 954 2531; x_wconf 89' lang='lat' dir='ltr'><em>T</em></span> <span class='ocrx_word' id='word_1_336' title='bbox 1044 2498 1086 2531; x_wconf 89' lang='lat'>16</span> <span class='ocrx_word' id='word_1_337' title='bbox 1113 2498 1364 2531; x_wconf 86' lang='lat' dir='ltr'>renuntiantes</span> <span class='ocrx_word' id='word_1_338' title='bbox 1391 2500 1426 2530; x_wconf 83' lang='lat' dir='ltr'>et</span> <span class='ocrx_word' id='word_1_339' title='bbox 1453 2507 1521 2529; x_wconf 89' lang='lat' dir='ltr'>non</span> <span class='ocrx_word' id='word_1_340' title='bbox 1550 2495 1655 2529; x_wconf 83' lang='lat' dir='ltr'>factis</span> <span class='ocrx_word' id='word_1_341' title='bbox 1689 2495 1719 2527; x_wconf 89' lang='lat' dir='ltr'><em>T</em></span> 
     </span>
     <span class='ocr_line' id='line_1_37' title="bbox 187 2554 1717 2600; baseline -0.001 -11"><span class='ocrx_word' id='word_1_342' title='bbox 187 2555 267 2589; x_wconf 81' lang='lat' dir='ltr'>edd.</span> <span class='ocrx_word' id='word_1_343' title='bbox 346 2555 386 2589; x_wconf 81' lang='lat'>18</span> <span class='ocrx_word' id='word_1_344' title='bbox 415 2560 472 2599; x_wconf 79' lang='lat' dir='ltr'>qm</span> <span class='ocrx_word' id='word_1_345' title='bbox 502 2555 533 2590; x_wconf 86' lang='lat' dir='ltr'><em>C</em></span> <span class='ocrx_word' id='word_1_346' title='bbox 556 2560 625 2600; x_wconf 75' lang='lat' dir='ltr'>quo</span> <span class='ocrx_word' id='word_1_347' title='bbox 657 2555 686 2588; x_wconf 75' lang='lat' dir='ltr'>l)</span> <span class='ocrx_word' id='word_1_348' title='bbox 759 2555 849 2600; x_wconf 72' lang='lat' dir='ltr'>Xpm</span> <span class='ocrx_word' id='word_1_349' title='bbox 878 2559 925 2598; x_wconf 86' lang='lat' dir='ltr'>(m</span> <span class='ocrx_word' id='word_1_350' title='bbox 953 2556 991 2590; x_wconf 84' lang='grc' dir='ltr'>ίη</span> <span class='ocrx_word' id='word_1_351' title='bbox 1016 2567 1089 2590; x_wconf 69' lang='lat' dir='ltr'>ras.</span> <span class='ocrx_word' id='word_1_352' title='bbox 1117 2567 1161 2590; x_wconf 83' lang='lat' dir='ltr'>m.</span> <span class='ocrx_word' id='word_1_353' title='bbox 1189 2559 1229 2589; x_wconf 80' lang='lat' dir='ltr'>ut</span> <span class='ocrx_word' id='word_1_354' title='bbox 1255 2555 1332 2589; x_wconf 79' lang='lat' dir='ltr'>uid.</span> <span class='ocrx_word' id='word_1_355' title='bbox 1354 2558 1385 2597; x_wconf 70' lang='grc'>1)</span> <span class='ocrx_word' id='word_1_356' title='bbox 1410 2556 1439 2589; x_wconf 89' lang='grc' dir='ltr'><em>Ο</em></span> <span class='ocrx_word' id='word_1_357' title='bbox 1512 2564 1660 2598; x_wconf 65' lang='lat' dir='ltr'>regnare</span> <span class='ocrx_word' id='word_1_358' title='bbox 1684 2554 1717 2586; x_wconf 84' lang='lat' dir='ltr'>I&#39;</span> 
     </span>
     <span class='ocr_line' id='line_1_38' title="bbox 191 2612 1716 2660; baseline -0.002 -12"><span class='ocrx_word' id='word_1_359' title='bbox 191 2615 233 2648; x_wconf 77' lang='lat'>19</span> <span class='ocrx_word' id='word_1_360' title='bbox 259 2614 355 2659; x_wconf 82' lang='lat' dir='ltr'>cepit</span> <span class='ocrx_word' id='word_1_361' title='bbox 381 2613 454 2648; x_wconf 84' lang='lat' dir='ltr'>LT</span> <span class='ocrx_word' id='word_1_362' title='bbox 554 2615 736 2660; x_wconf 71' lang='lat' dir='ltr'>perficere}</span> <span class='ocrx_word' id='word_1_363' title='bbox 766 2625 1009 2649; x_wconf 86' lang='lat' dir='ltr'>consummare</span> <span class='ocrx_word' id='word_1_364' title='bbox 1043 2614 1074 2649; x_wconf 89' lang='grc' dir='ltr'><em>Τ</em></span> <span class='ocrx_word' id='word_1_365' title='bbox 1095 2626 1162 2649; x_wconf 74' lang='lat' dir='ltr'>sec.</span> <span class='ocrx_word' id='word_1_366' title='bbox 1195 2614 1298 2659; x_wconf 77' lang='lat' dir='ltr'>Vuly.</span> <span class='ocrx_word' id='word_1_367' title='bbox 1422 2614 1466 2647; x_wconf 73' lang='lat'>520</span> <span class='ocrx_word' id='word_1_368' title='bbox 1495 2613 1606 2657; x_wconf 81' lang='lat' dir='ltr'>esset]</span> <span class='ocrx_word' id='word_1_369' title='bbox 1639 2617 1657 2647; x_wconf 72' lang='grc'><strong>6</strong></span> <span class='ocrx_word' id='word_1_370' title='bbox 1684 2612 1716 2645; x_wconf 87' lang='lat' dir='ltr'><em>L</em></span> 
     </span>
    </p>

    <p class='ocr_par' dir='ltr' id='par_1_9' title="bbox 190 2672 1717 2778">
     <span class='ocr_line' id='line_1_39' title="bbox 235 2672 1715 2718; baseline -0.001 -11"><span class='ocrx_word' id='word_1_371' title='bbox 235 2674 358 2707; x_wconf 87' lang='lat' dir='ltr'>mittet</span> <span class='ocrx_word' id='word_1_372' title='bbox 386 2673 419 2706; x_wconf 68' lang='grc' dir='ltr'>Ι)</span> <span class='ocrx_word' id='word_1_373' title='bbox 441 2673 540 2707; x_wconf 87' lang='lat' dir='ltr'>misit</span> <span class='ocrx_word' id='word_1_374' title='bbox 572 2673 604 2707; x_wconf 92' lang='grc' dir='ltr'><em>Τ</em></span> <span class='ocrx_word' id='word_1_375' title='bbox 626 2673 705 2708; x_wconf 78' lang='lat' dir='ltr'>edd.</span> <span class='ocrx_word' id='word_1_376' title='bbox 793 2674 833 2708; x_wconf 68' lang='lat'>21</span> <span class='ocrx_word' id='word_1_377' title='bbox 865 2673 1079 2718; x_wconf 82' lang='lat' dir='ltr'>adfligentes</span> <span class='ocrx_word' id='word_1_378' title='bbox 1109 2674 1173 2709; x_wconf 84' lang='lat' dir='ltr'>CO</span> <span class='ocrx_word' id='word_1_379' title='bbox 1246 2675 1291 2707; x_wconf 75' lang='lat'>22</span> <span class='ocrx_word' id='word_1_380' title='bbox 1320 2674 1373 2717; x_wconf 81' lang='lat' dir='ltr'>ac]</span> <span class='ocrx_word' id='word_1_381' title='bbox 1404 2675 1439 2706; x_wconf 82' lang='lat' dir='ltr'>et</span> <span class='ocrx_word' id='word_1_382' title='bbox 1470 2672 1501 2706; x_wconf 93' lang='grc' dir='ltr'><em>Τ</em></span> <span class='ocrx_word' id='word_1_383' title='bbox 1596 2674 1715 2716; x_wconf 78' lang='lat' dir='ltr'>temp—</span> 
     </span>
     <span class='ocr_line' id='line_1_40' title="bbox 190 2730 1717 2778; baseline -0.001 -12"><span class='ocrx_word' id='word_1_384' title='bbox 190 2732 344 2766; x_wconf 73' lang='lat' dir='ltr'>tatione·</span> <span class='ocrx_word' id='word_1_385' title='bbox 369 2733 399 2765; x_wconf 80' lang='lat' dir='ltr'><em>C</em></span> <span class='ocrx_word' id='word_1_386' title='bbox 422 2732 699 2777; x_wconf 82' lang='lat' dir='ltr'>temptationem</span> <span class='ocrx_word' id='word_1_387' title='bbox 730 2732 760 2767; x_wconf 85' lang='lat' dir='ltr'><em>O</em></span> <span class='ocrx_word' id='word_1_388' title='bbox 850 2733 894 2766; x_wconf 92' lang='lat' dir='ltr'>iis</span> <span class='ocrx_word' id='word_1_389' title='bbox 913 2733 1042 2777; x_wconf 85' lang='lat' dir='ltr'>flrm</span> <span class='ocrx_word' id='word_1_390' title='bbox 1068 2743 1073 2751; x_wconf 76' lang='lat'><strong><em>¹</em></strong></span> <span class='ocrx_word' id='word_1_391' title='bbox 1135 2733 1195 2778; x_wconf 89' lang='lat' dir='ltr'>qui</span> <span class='ocrx_word' id='word_1_392' title='bbox 1225 2732 1288 2767; x_wconf 89' lang='lat' dir='ltr'>CO</span> <span class='ocrx_word' id='word_1_393' title='bbox 1360 2732 1404 2766; x_wconf 82' lang='lat'>‘23</span> <span class='ocrx_word' id='word_1_394' title='bbox 1433 2730 1657 2766; x_wconf 74' lang='lat' dir='ltr'>consentitur</span> <span class='ocrx_word' id='word_1_395' title='bbox 1683 2730 1717 2764; x_wconf 76' lang='lat' dir='ltr'>Il</span> 
     </span>
    </p>
   </div>
   <div class='ocr_carea' id='block_1_9' title="bbox 226 2803 1665 2847">
    <p class='ocr_par' dir='ltr' id='par_1_10' title="bbox 226 2803 1665 2847">
     <span class='ocr_line' id='line_1_41' title="bbox 226 2803 1665 2847; baseline 0.001 -7"><span class='ocrx_word' id='word_1_396' title='bbox 226 2815 617 2846; x_wconf 52' lang='lat' dir='ltr'>xxxx11111xng.sect.11</span> <span class='ocrx_word' id='word_1_397' title='bbox 642 2822 709 2847; x_wconf 73' lang='lat' dir='ltr'>pm</span> <span class='ocrx_word' id='word_1_398' title='bbox 724 2813 739 2840; x_wconf 82' lang='grc'>3</span> <span class='ocrx_word' id='word_1_399' title='bbox 1624 2803 1665 2836; x_wconf 88' lang='grc'>31</span> 
     </span>
    </p>
   </div>
  </div>
 </body>
</html>
