1952 3118
624 188 977 232 epistularum
1018 187 1157 223 ‹jLVIL
1573 190 1659 229 475

133 316 301 358 uenire
347 316 403 357 ad
448 316 621 365 uitam,
675 329 820 357 serua
870 317 1112 366 mandata,
1165 317 1232 358 hic
1277 324 1439 359 autem:
1487 317 1534 359 Si
1581 318 1659 359 uis

132 400 239 429 esse
290 387 563 439 perfectus,
615 387 752 437 uade‚
804 388 960 429 uende
1012 388 1187 439 omnia,
1240 401 1361 441 quae.
1406 388 1571 439 habes,
1617 393 1658 430 et

130 461 278 500 cetera.
310 470 384 498 cur
416 470 515 512 ergo
550 470 750 512 negamus
785 458 954 508 diuites,
990 460 1184 512 quamuis
1219 459 1268 500 ab
1302 459 1373 500 illa
1405 459 1660 513 perfectione

130 528 280 577 absint,
326 528 468 569 uenire
512 532 650 570 tamen
697 529 747 570 ad
793 529 939 578 uitam,
992 530 1026 570 si
1072 529 1269 571 mandata
1314 530 1574 571 seruauerint
1617 533 1659 571 et

90 617 98 622 ·
130 598 332 648 dederint,
369 602 413 639 ut
446 599 568 640 detur
599 599 700 648 illis,
735 599 985 649 dimiserint,
1020 603 1067 641 ut
1099 600 1337 641 dimittatur
1369 600 1485 641 illis?

190 669 408 712 Credimus
443 670 550 711 enim
584 670 823 711 ministrum
851 671 948 711 noui
977 671 1220 712 testamenti
1254 671 1385 712 fuisse
1418 672 1656 724 apostolum

128 741 320 784 Paulum.
342 753 436 782 cum
466 741 651 782 scribens
672 741 721 782 ad
743 741 1013 783 Timotheum
1034 742 1204 783 diceret:
1227 742 1463 795 Praecipe
1486 742 1657 783 diuiti-

128 812 217 853 bus
243 812 390 853 huius
425 812 592 854 mundi
625 825 714 854 non
750 813 962 866 superbe
996 826 1168 866 sapere
1201 826 1357 866 neque
1384 826 1581 866 sperare
1609 814 1654 854 in

129 883 318 924 incerto
347 883 642 924 diuitiarum
671 883 755 924 sed
782 884 828 924 in
855 883 942 924 deo
979 884 1112 932 uiuo,
1147 883 1229 937 qui
1256 887 1485 936 praestat
1512 884 1655 925 nobis

130 953 289 995 omnia
324 953 632 994 abundanter
665 953 720 994 ad
754 953 1030 995 fruendum.
1076 954 1196 995 bene
1230 954 1431 1003 faciant,
1466 954 1656 996 diuites

129 1024 305 1066 sintin
341 1024 575 1077 operibus
609 1024 766 1066 bonis.
807 1025 957 1066 facile
990 1025 1229 1073 tribuant,
1272 1025 1653 1068 communicent.

128 1095 477 1137 thesaurizent
505 1095 600 1136 sibi
635 1096 1010 1137 fundamentum
1044 1096 1222 1138 bonum
1250 1095 1295 1137 in
1329 1096 1567 1143 futurum,
1601 1099 1654 1136 ut

129 1167 501 1220 adprehendant
545 1179 711 1208 ueram
758 1167 927 1217 uitam,
981 1167 1029 1208 de
1075 1180 1157 1219 qua
1202 1169 1242 1208 et
1286 1167 1348 1207 illi
1394 1166 1653 1208 adulescenti

129 1237 288 1279 dictum
322 1240 403 1279 est:
440 1237 488 1280 Si
522 1239 599 1279 uis
634 1238 805 1279 uenire
838 1238 894 1279 ad
928 1239 1095 1279 uitam.
1129 1240 1245 1292 puto,
1281 1238 1392 1291 quod
1424 1238 1506 1278 ista
1538 1250 1652 1290 prae-

128 1308 283 1362 cipiens
317 1309 470 1350 diuites
504 1310 751 1358 instruebat,
786 1322 864 1350 non
898 1309 1072 1350 fallebat
1103 1310 1335 1363 apostolus,
1369 1309 1441 1362 qui
1468 1321 1547 1349 non
1576 1308 1653 1349 ait:

128 1380 325 1433 Praecipe
359 1380 564 1422 diuitibus
597 1381 722 1422 huius
756 1381 917 1430 mundi,
952 1381 1134 1422 uendant
1167 1381 1317 1429 omnia,
1353 1393 1457 1432 quae
1486 1380 1652 1420 habent.

129 1451 223 1493 dent
260 1452 514 1505 pauperibus
555 1456 595 1493 et
634 1456 863 1506 sequantur
901 1452 1130 1498 dominum,
1165 1452 1257 1493 sed:
1297 1452 1400 1492 Non
1442 1450 1654 1504 superbe

129 1535 298 1575 sapere
326 1536 482 1575 neque
511 1536 708 1577 sperare
730 1523 775 1564 in
803 1523 995 1564 incerto
1024 1523 1332 1564 diuitiarum.
1354 1522 1436 1563 ista
1458 1521 1651 1575 superbia

129 1593 303 1634 diuitem
340 1594 476 1643 illum,
511 1594 581 1647 qui
620 1594 825 1635 iacentem
865 1596 958 1635 ante
996 1594 1162 1635 ianuam
1202 1606 1319 1634 suam
1363 1593 1656 1634 contemnebat

130 1677 352 1719 pauperem
392 1665 566 1706 iustum.
609 1668 649 1706 et
681 1665 764 1706 ista
797 1678 892 1718 spes
926 1666 967 1705 in
1001 1665 1157 1706 incerto
1198 1664 1456 1714 diuitiarum,
1496 1675 1578 1717 qua
1610 1676 1654 1704 se

128 1739 296 1789 propter
339 1749 563 1789 purpuram
610 1739 651 1777 et
695 1737 870 1790 byssum
916 1738 958 1777 et
1002 1736 1148 1789 epulas
1195 1735 1436 1788 splendidas
1482 1734 1651 1775 beatum

130 1806 313 1860 putabat
352 1820 431 1848 non
470 1807 587 1860 ipsae
627 1806 801 1848 diuitiae
839 1807 1118 1860 perduxerunt
1158 1806 1209 1847 ad
1240 1806 1399 1847 inferna
1436 1808 1655 1847 tormenta.

186 1879 249 1918 An
294 1878 414 1927 forte,
466 1877 563 1931 quia
608 1877 802 1919 dominus
854 1877 1041 1918 adiunxit
1086 1882 1127 1918 et
1173 1876 1295 1918 dixit:
1343 1878 1491 1918 Arnen
1545 1875 1653 1917 dico

130 1948 291 1996 uobis;
339 1948 555 1989 difficile
595 1947 734 1989 diues
780 1948 993 1988 intrabit
1036 1948 1082 1988 in
1128 1960 1331 2001 regnum
1378 1947 1651 1988 caelorum:

132 2022 178 2060 et
216 2019 393 2060 iterum
434 2019 541 2059 dico
582 2019 743 2060 uobis:
788 2019 1011 2060 Facilius
1059 2019 1278 2059 camelus
1317 2018 1530 2059 intrabit
1569 2030 1657 2071 per

250 2171 269 2202 5
297 2170 380 2203 Luc.
407 2172 439 2211 e,
466 2170 526 2204 aa:
555 2169 597 2202 37
723 2170 739 2201 τ
768 2169 783 2202 1
811 2169 902 2202 Tim.
929 2170 962 2211 c,
993 2170 1130 2203 17-19
1250 2170 1290 2203 ls
1317 2169 1402 2203 Luc.
1433 2170 1485 2204 16.
1517 2170 1651 2203 19—24

132 2228 175 2262 ‘23
201 2229 329 2263 Matth.
360 2230 414 2271 19,
439 2228 597 2265 23-24:
627 2228 732 2262 Marc.
764 2228 816 2270 10,
844 2228 1002 2269 24-25;
1031 2227 1114 2262 Luc.
1146 2228 1199 2265 18.
1226 2228 1367 2262 24—25

178 2312 197 2344 '2
219 2311 396 2355 perfectus
418 2322 493 2344 esse
516 2311 547 2344 T
570 2310 668 2351 edd.;
683 2311 776 2354 cfp.
796 2312 883 2352 474,
901 2313 945 2343 16
993 2311 1014 2343 4
1037 2309 1165 2344 absent
1180 2311 1214 2343 l'
1261 2313 1281 2343 ι’)
1304 2311 1375 2345 illis
1398 2314 1433 2344 et
1454 2310 1655 2344 dimiserint

133 2370 210 2405 edd.
232 2375 379 2414 praeter
405 2382 425 2403 a
513 2371 531 2403 7
559 2370 703 2414 paulum
732 2370 791 2413 qui
819 2369 975 2403 scribens
1003 2370 1054 2403 ait
1080 2369 1124 2403 ad
1150 2370 1364 2404 timotheum
1393 2370 1574 2414 prot-ipen
1602 2368 1654 2402 di-

134 2429 267 2463 uitibus
295 2430 325 2463 L
425 2429 558 2463 diceret
587 2440 658 2462 ras.
687 2440 729 2461 m:
756 2428 900 2462 doceret
931 2428 960 2461 l)
1066 2429 1241 2473 praecipit
1267 2429 1302 2462 P
1421 2434 1440 2457 S
1468 2430 1502 2462 in
1530 2439 1596 2463 om.
1628 2428 1660 2460 l'

133 2488 153 2521 9
180 2487 244 2522 diro
272 2499 306 2521 <n
334 2500 427 2531 carp.)
459 2488 488 2522 0
583 2488 622 2521 10
649 2487 767 2520 omnia
793 2499 859 2521 om.
888 2487 922 2519 1²
1017 2488 1058 2521 13
1085 2490 1266 2522 aeternam
1295 2489 1385 2521 lrm
1487 2488 1528 2520 lo
1556 2498 1655 2531 prae-

135 2547 226 2590 cepit
256 2547 287 2580 1²
383 2546 555 2590 uendanr]
586 2553 624 2580 ut
651 2546 810 2579 u·,·n‹lant
838 2546 918 2581 edd,
1009 2547 1049 2579 17
1078 2558 1201 2591 sapere
1229 2547 1378 2591 superbe
1413 2547 1442 2580 Τ
1531 2547 1569 2579 15
1597 2557 1651 2579 su-

135 2606 242 2650 perba
271 2607 300 2641 Ο
400 2608 440 2640 1¹.)
468 2606 585 2639 ‹liuitsi
616 2606 647 2638 I'
742 2606 781 2639 21
815 2617 969 2650 purpura
999 2606 1032 2639 P
1140 2611 1176 2639 et
1202 2611 1288 2649 ansa*
1314 2606 1453 2650 byssum
1483 2617 1549 2638 om.
1576 2605 1656 2639 edd,

135 2665 178 2698 22
204 2665 332 2699 inferni
359 2665 430 2698 L'I'
453 2665 532 2700 edd.
645 2665 688 2698 24
718 2665 867 2698 intrauit
897 2665 926 2697 C
950 2665 1008 2706 (ni.
1037 2668 1061 2698 2
1087 2664 1253 2708 intrabit)
1284 2665 1313 2698 (J
1428 2665 1472 2697 25
1501 2664 1655 2697 camelus

135 2723 281 2758 intrauit
312 2726 341 2758 (J
371 2735 473 2758 worr.
508 2723 673 2765 intrabit)
711 2724 740 2755 ()
773 2723 928 2757 camelus
963 2724 1086 2757 intrat,
1109 2724 1140 2756 I’
1170 2731 1225 2757 est
1258 2723 1430 2756 vam-:lum
1465 2723 1596 2756 intrare
1628 2723 1655 2755 L

135 2793 200 2817 sec.
226 2794 316 2818 socr.
347 2784 414 2817 litt.
442 2783 590 2816 intrabit
618 2782 772 2816 camelus
809 2782 836 2814 'l'
862 2782 940 2816 eclrl.
