<?xml version="1.0" encoding="UTF-8"?>
<!DOCTYPE html PUBLIC "-//W3C//DTD XHTML 1.0 Transitional//EN"
    "http://www.w3.org/TR/xhtml1/DTD/xhtml1-transitional.dtd">
<html xmlns="http://www.w3.org/1999/xhtml" xml:lang="en" lang="en">
 <head>
  <title>
</title>
<meta http-equiv="Content-Type" content="text/html;charset=utf-8" />
  <meta name='ocr-system' content='tesseract 3.04.00' />
  <meta name='ocr-capabilities' content='ocr_page ocr_carea ocr_par ocr_line ocrx_word'/>
</head>
<body>
  <div class='ocr_page' id='page_1' title='image "./corpusscriptorum44auguuoft_0285.png"; bbox 0 0 1952 3118; ppageno 0'>
   <div class='ocr_carea' id='block_1_1' title="bbox 61 963 96 989">
    <p class='ocr_par' dir='ltr' id='par_1_1' title="bbox 61 963 96 989">
     <span class='ocr_line' id='line_1_1' title="bbox 61 963 96 989; baseline -0.029 0"><span class='ocrx_word' id='word_1_1' title='bbox 61 963 96 989; x_wconf 86' lang='lat'>10</span> 
     </span>
    </p>
   </div>
   <div class='ocr_carea' id='block_1_2' title="bbox 60 1319 95 1345">
    <p class='ocr_par' dir='ltr' id='par_1_2' title="bbox 60 1319 95 1345">
     <span class='ocr_line' id='line_1_2' title="bbox 60 1319 95 1345; baseline 0 0"><span class='ocrx_word' id='word_1_2' title='bbox 60 1319 95 1345; x_wconf 77' lang='lat'>15</span> 
     </span>
    </p>
   </div>
   <div class='ocr_carea' id='block_1_3' title="bbox 559 176 1652 222">
    <p class='ocr_par' dir='ltr' id='par_1_3' title="bbox 559 176 1652 222">
     <span class='ocr_line' id='line_1_3' title="bbox 559 176 1652 222; baseline 0.005 -11"><span class='ocrx_word' id='word_1_3' title='bbox 559 177 915 222; x_wconf 82' lang='lat' dir='ltr'>epistularum</span> <span class='ocrx_word' id='word_1_4' title='bbox 955 176 1090 213; x_wconf 77' lang='lat' dir='ltr'><strong><em>CXLV.</em></strong></span> <span class='ocrx_word' id='word_1_5' title='bbox 1131 177 1286 213; x_wconf 84' lang='lat' dir='ltr'>CXLVI.</span> <span class='ocrx_word' id='word_1_6' title='bbox 1566 180 1652 221; x_wconf 82' lang='grc'>273</span> 
     </span>
    </p>
   </div>
   <div class='ocr_carea' id='block_1_4' title="bbox 115 307 1654 1426">
    <p class='ocr_par' dir='ltr' id='par_1_4' title="bbox 115 307 1654 1426">
     <span class='ocr_line' id='line_1_4' title="bbox 115 307 1652 362; baseline -0.001 -11"><span class='ocrx_word' id='word_1_7' title='bbox 115 307 352 351; x_wconf 90' lang='lat' dir='ltr'>infirmitati</span> <span class='ocrx_word' id='word_1_8' title='bbox 372 308 589 350; x_wconf 91' lang='lat' dir='ltr'>hominum</span> <span class='ocrx_word' id='word_1_9' title='bbox 609 307 787 349; x_wconf 83' lang='lat' dir='ltr'>miserae</span> <span class='ocrx_word' id='word_1_10' title='bbox 809 310 934 362; x_wconf 88' lang='lat' dir='ltr'>atque</span> <span class='ocrx_word' id='word_1_11' title='bbox 955 307 1124 362; x_wconf 86' lang='lat' dir='ltr'>indigae</span> <span class='ocrx_word' id='word_1_12' title='bbox 1146 308 1359 358; x_wconf 77' lang='lat' dir='ltr'>suadetur,</span> <span class='ocrx_word' id='word_1_13' title='bbox 1377 310 1423 350; x_wconf 91' lang='lat' dir='ltr'>ut</span> <span class='ocrx_word' id='word_1_14' title='bbox 1444 320 1519 350; x_wconf 87' lang='lat' dir='ltr'>nec</span> <span class='ocrx_word' id='word_1_15' title='bbox 1538 321 1652 350; x_wconf 84' lang='lat' dir='ltr'>orare</span> 
     </span>
     <span class='ocr_line' id='line_1_5' title="bbox 119 378 1654 433; baseline -0.001 -11"><span class='ocrx_word' id='word_1_16' title='bbox 119 380 361 429; x_wconf 73' lang='lat' dir='ltr'>debeamus,</span> <span class='ocrx_word' id='word_1_17' title='bbox 389 392 438 420; x_wconf 91' lang='lat' dir='ltr'>ne</span> <span class='ocrx_word' id='word_1_18' title='bbox 470 380 674 421; x_wconf 83' lang='lat' dir='ltr'>intremus</span> <span class='ocrx_word' id='word_1_19' title='bbox 701 378 742 419; x_wconf 92' lang='lat' dir='ltr'>in</span> <span class='ocrx_word' id='word_1_20' title='bbox 774 379 1110 432; x_wconf 77' lang='lat' dir='ltr'>temptationem,</span> <span class='ocrx_word' id='word_1_21' title='bbox 1144 391 1225 420; x_wconf 90' lang='lat' dir='ltr'>non</span> <span class='ocrx_word' id='word_1_22' title='bbox 1257 379 1354 433; x_wconf 90' lang='lat' dir='ltr'>quia</span> <span class='ocrx_word' id='word_1_23' title='bbox 1386 379 1466 421; x_wconf 85' lang='lat' dir='ltr'>hoo</span> <span class='ocrx_word' id='word_1_24' title='bbox 1499 379 1654 421; x_wconf 89' lang='lat' dir='ltr'>audent</span> 
     </span>
     <span class='ocr_line' id='line_1_6' title="bbox 119 449 1653 504; baseline -0.001 -12"><span class='ocrx_word' id='word_1_25' title='bbox 119 452 260 504; x_wconf 88' lang='lat' dir='ltr'>aperte</span> <span class='ocrx_word' id='word_1_26' title='bbox 293 449 444 500; x_wconf 86' lang='lat' dir='ltr'>dicere,</span> <span class='ocrx_word' id='word_1_27' title='bbox 479 449 553 491; x_wconf 86' lang='lat' dir='ltr'>sed</span> <span class='ocrx_word' id='word_1_28' title='bbox 584 461 729 491; x_wconf 91' lang='lat' dir='ltr'>eorum</span> <span class='ocrx_word' id='word_1_29' title='bbox 761 450 1012 491; x_wconf 86' lang='lat' dir='ltr'>sententiam</span> <span class='ocrx_word' id='word_1_30' title='bbox 1046 449 1179 492; x_wconf 84' lang='lat' dir='ltr'>uelint</span> <span class='ocrx_word' id='word_1_31' title='bbox 1217 450 1353 492; x_wconf 89' lang='lat' dir='ltr'>nolint</span> <span class='ocrx_word' id='word_1_32' title='bbox 1395 451 1473 492; x_wconf 87' lang='lat' dir='ltr'>hoc</span> <span class='ocrx_word' id='word_1_33' title='bbox 1506 450 1653 504; x_wconf 89' lang='lat' dir='ltr'>utique</span> 
     </span>
     <span class='ocr_line' id='line_1_7' title="bbox 119 519 1652 575; baseline -0.001 -12"><span class='ocrx_word' id='word_1_34' title='bbox 119 521 322 574; x_wconf 87' lang='lat' dir='ltr'>sequitur.</span> <span class='ocrx_word' id='word_1_35' title='bbox 356 533 450 562; x_wconf 89' lang='lat' dir='ltr'>nam</span> <span class='ocrx_word' id='word_1_36' title='bbox 484 523 534 562; x_wconf 91' lang='lat' dir='ltr'>ut</span> <span class='ocrx_word' id='word_1_37' title='bbox 565 520 667 574; x_wconf 91' lang='lat' dir='ltr'>quid</span> <span class='ocrx_word' id='word_1_38' title='bbox 698 519 819 561; x_wconf 88' lang='lat' dir='ltr'>nobis</span> <span class='ocrx_word' id='word_1_39' title='bbox 862 520 1038 562; x_wconf 83' lang='lat' dir='ltr'>dicitur:</span> <span class='ocrx_word' id='word_1_40' title='bbox 1078 520 1305 575; x_wconf 82' lang='lat' dir='ltr'>Vigilate</span> <span class='ocrx_word' id='word_1_41' title='bbox 1340 523 1387 562; x_wconf 93' lang='lat' dir='ltr'>et</span> <span class='ocrx_word' id='word_1_42' title='bbox 1419 523 1563 563; x_wconf 81' lang='lat' dir='ltr'>orate.</span> <span class='ocrx_word' id='word_1_43' title='bbox 1597 534 1652 562; x_wconf 87' lang='lat' dir='ltr'>ne</span> 
     </span>
     <span class='ocr_line' id='line_1_8' title="bbox 118 590 1652 645; baseline 0 -12"><span class='ocrx_word' id='word_1_44' title='bbox 118 591 324 633; x_wconf 89' lang='lat' dir='ltr'>intretis</span> <span class='ocrx_word' id='word_1_45' title='bbox 356 591 403 632; x_wconf 90' lang='lat' dir='ltr'>in</span> <span class='ocrx_word' id='word_1_46' title='bbox 436 590 848 645; x_wconf 77' lang='lat' dir='ltr'>temptationem?</span> <span class='ocrx_word' id='word_1_47' title='bbox 886 593 935 632; x_wconf 92' lang='lat' dir='ltr'>ut</span> <span class='ocrx_word' id='word_1_48' title='bbox 974 591 1076 643; x_wconf 87' lang='lat' dir='ltr'>quid</span> <span class='ocrx_word' id='word_1_49' title='bbox 1115 591 1242 633; x_wconf 90' lang='lat' dir='ltr'>etiam</span> <span class='ocrx_word' id='word_1_50' title='bbox 1281 591 1513 633; x_wconf 88' lang='lat' dir='ltr'>secundum</span> <span class='ocrx_word' id='word_1_51' title='bbox 1547 592 1652 633; x_wconf 88' lang='lat' dir='ltr'>hanc</span> 
     </span>
     <span class='ocr_line' id='line_1_9' title="bbox 119 661 1652 716; baseline 0 -12"><span class='ocrx_word' id='word_1_52' title='bbox 119 663 463 711; x_wconf 84' lang='lat' dir='ltr'>exhortationem,</span> <span class='ocrx_word' id='word_1_53' title='bbox 498 675 592 704; x_wconf 88' lang='lat' dir='ltr'>oum</span> <span class='ocrx_word' id='word_1_54' title='bbox 626 661 794 703; x_wconf 84' lang='lat' dir='ltr'>doceret</span> <span class='ocrx_word' id='word_1_55' title='bbox 827 674 955 711; x_wconf 84' lang='lat' dir='ltr'>orare,</span> <span class='ocrx_word' id='word_1_56' title='bbox 990 661 1215 716; x_wconf 85' lang='lat' dir='ltr'>praecepit,</span> <span class='ocrx_word' id='word_1_57' title='bbox 1248 664 1298 703; x_wconf 93' lang='lat' dir='ltr'>ut</span> <span class='ocrx_word' id='word_1_58' title='bbox 1334 662 1543 704; x_wconf 82' lang='lat' dir='ltr'>dicamus:</span> <span class='ocrx_word' id='word_1_59' title='bbox 1583 662 1652 704; x_wconf 85' lang='lat' dir='ltr'>Ne</span> 
     </span>
     <span class='ocr_line' id='line_1_10' title="bbox 118 732 1652 786; baseline -0.001 -10"><span class='ocrx_word' id='word_1_60' title='bbox 118 747 205 776; x_wconf 88' lang='lat' dir='ltr'>nos</span> <span class='ocrx_word' id='word_1_61' title='bbox 255 734 443 775; x_wconf 87' lang='lat' dir='ltr'>inferas</span> <span class='ocrx_word' id='word_1_62' title='bbox 489 734 535 775; x_wconf 93' lang='lat' dir='ltr'>in</span> <span class='ocrx_word' id='word_1_63' title='bbox 587 732 986 786; x_wconf 85' lang='lat' dir='ltr'>temptationem,</span> <span class='ocrx_word' id='word_1_64' title='bbox 1033 732 1067 774; x_wconf 87' lang='lat' dir='ltr'>si</span> <span class='ocrx_word' id='word_1_65' title='bbox 1113 733 1193 775; x_wconf 85' lang='lat' dir='ltr'>hoo</span> <span class='ocrx_word' id='word_1_66' title='bbox 1237 746 1316 775; x_wconf 90' lang='lat' dir='ltr'>non</span> <span class='ocrx_word' id='word_1_67' title='bbox 1360 734 1563 786; x_wconf 90' lang='lat' dir='ltr'>impletur</span> <span class='ocrx_word' id='word_1_68' title='bbox 1607 746 1652 775; x_wconf 85' lang='lat' dir='ltr'>ex</span> 
     </span>
     <span class='ocr_line' id='line_1_11' title="bbox 118 803 1651 860; baseline -0.001 -13"><span class='ocrx_word' id='word_1_69' title='bbox 118 805 326 847; x_wconf 90' lang='lat' dir='ltr'>adiutorio</span> <span class='ocrx_word' id='word_1_70' title='bbox 360 804 519 860; x_wconf 83' lang='lat' dir='ltr'>gratiae</span> <span class='ocrx_word' id='word_1_71' title='bbox 553 804 733 853; x_wconf 87' lang='lat' dir='ltr'>diuinae,</span> <span class='ocrx_word' id='word_1_72' title='bbox 768 803 841 846; x_wconf 86' lang='lat' dir='ltr'>sed</span> <span class='ocrx_word' id='word_1_73' title='bbox 874 804 916 845; x_wconf 91' lang='lat' dir='ltr'>id</span> <span class='ocrx_word' id='word_1_74' title='bbox 948 805 1087 846; x_wconf 90' lang='lat' dir='ltr'>totum</span> <span class='ocrx_word' id='word_1_75' title='bbox 1121 806 1187 845; x_wconf 90' lang='lat' dir='ltr'>est</span> <span class='ocrx_word' id='word_1_76' title='bbox 1218 803 1259 845; x_wconf 91' lang='lat' dir='ltr'>in</span> <span class='ocrx_word' id='word_1_77' title='bbox 1294 804 1465 845; x_wconf 88' lang='lat' dir='ltr'>arbitrio</span> <span class='ocrx_word' id='word_1_78' title='bbox 1504 805 1651 846; x_wconf 90' lang='lat' dir='ltr'>uolun-</span> 
     </span>
     <span class='ocr_line' id='line_1_12' title="bbox 119 875 1652 930; baseline 0 -12"><span class='ocrx_word' id='word_1_79' title='bbox 119 877 221 918; x_wconf 88' lang='lat' dir='ltr'>tatis</span> <span class='ocrx_word' id='word_1_80' title='bbox 259 877 493 918; x_wconf 76' lang='lat' dir='ltr'>humanae?</span> <span class='ocrx_word' id='word_1_81' title='bbox 533 876 633 930; x_wconf 92' lang='lat' dir='ltr'>quid</span> <span class='ocrx_word' id='word_1_82' title='bbox 671 876 823 930; x_wconf 77' lang='lat' dir='ltr'>plura?</span> <span class='ocrx_word' id='word_1_83' title='bbox 862 876 1002 917; x_wconf 89' lang='lat' dir='ltr'>saluta</span> <span class='ocrx_word' id='word_1_84' title='bbox 1039 875 1203 925; x_wconf 85' lang='lat' dir='ltr'>fratreS,</span> <span class='ocrx_word' id='word_1_85' title='bbox 1242 875 1315 929; x_wconf 93' lang='lat' dir='ltr'>qui</span> <span class='ocrx_word' id='word_1_86' title='bbox 1353 878 1495 917; x_wconf 85' lang='lat' dir='ltr'>tecum</span> <span class='ocrx_word' id='word_1_87' title='bbox 1541 879 1652 919; x_wconf 86' lang='lat' dir='ltr'>sunt.</span> 
     </span>
     <span class='ocr_line' id='line_1_13' title="bbox 121 946 1652 1002; baseline -0.002 -12"><span class='ocrx_word' id='word_1_88' title='bbox 121 950 162 990; x_wconf 89' lang='lat' dir='ltr'>et</span> <span class='ocrx_word' id='word_1_89' title='bbox 200 950 314 990; x_wconf 86' lang='lat' dir='ltr'>orate</span> <span class='ocrx_word' id='word_1_90' title='bbox 352 961 425 1002; x_wconf 88' lang='lat' dir='ltr'>pro</span> <span class='ocrx_word' id='word_1_91' title='bbox 464 948 601 997; x_wconf 89' lang='lat' dir='ltr'>nobis,</span> <span class='ocrx_word' id='word_1_92' title='bbox 634 949 683 989; x_wconf 93' lang='lat' dir='ltr'>ut</span> <span class='ocrx_word' id='word_1_93' title='bbox 715 947 823 988; x_wconf 87' lang='lat' dir='ltr'>salui</span> <span class='ocrx_word' id='word_1_94' title='bbox 856 948 988 989; x_wconf 87' lang='lat' dir='ltr'>simus</span> <span class='ocrx_word' id='word_1_95' title='bbox 1029 946 1261 988; x_wconf 83' lang='lat' dir='ltr'>secundum</span> <span class='ocrx_word' id='word_1_96' title='bbox 1299 947 1416 988; x_wconf 90' lang='lat' dir='ltr'>illam</span> <span class='ocrx_word' id='word_1_97' title='bbox 1456 947 1652 997; x_wconf 86' lang='lat' dir='ltr'>salutem,</span> 
     </span>
     <span class='ocr_line' id='line_1_14' title="bbox 121 1018 1650 1072; baseline -0.001 -12"><span class='ocrx_word' id='word_1_98' title='bbox 121 1019 170 1060; x_wconf 90' lang='lat' dir='ltr'>de</span> <span class='ocrx_word' id='word_1_99' title='bbox 210 1031 290 1072; x_wconf 87' lang='lat' dir='ltr'>qua</span> <span class='ocrx_word' id='word_1_100' title='bbox 329 1018 499 1060; x_wconf 83' lang='lat' dir='ltr'>dicitur:</span> <span class='ocrx_word' id='word_1_101' title='bbox 540 1018 643 1060; x_wconf 89' lang='lat' dir='ltr'>Non</span> <span class='ocrx_word' id='word_1_102' title='bbox 684 1020 760 1059; x_wconf 91' lang='lat' dir='ltr'>est</span> <span class='ocrx_word' id='word_1_103' title='bbox 798 1030 921 1072; x_wconf 88' lang='lat' dir='ltr'>opus</span> <span class='ocrx_word' id='word_1_104' title='bbox 962 1018 1096 1060; x_wconf 87' lang='lat' dir='ltr'>sanis</span> <span class='ocrx_word' id='word_1_105' title='bbox 1135 1018 1359 1059; x_wconf 83' lang='lat' dir='ltr'>medicus</span> <span class='ocrx_word' id='word_1_106' title='bbox 1401 1018 1485 1059; x_wconf 90' lang='lat' dir='ltr'>sed</span> <span class='ocrx_word' id='word_1_107' title='bbox 1523 1018 1650 1059; x_wconf 86' lang='lat' dir='ltr'>male</span> 
     </span>
     <span class='ocr_line' id='line_1_15' title="bbox 119 1088 1651 1143; baseline -0.001 -12"><span class='ocrx_word' id='word_1_108' title='bbox 119 1089 443 1138; x_wconf 87' lang='lat' dir='ltr'>habentibus;</span> <span class='ocrx_word' id='word_1_109' title='bbox 489 1102 579 1131; x_wconf 89' lang='lat' dir='ltr'>non</span> <span class='ocrx_word' id='word_1_110' title='bbox 620 1088 732 1130; x_wconf 91' lang='lat' dir='ltr'>ueni</span> <span class='ocrx_word' id='word_1_111' title='bbox 778 1100 956 1131; x_wconf 85' lang='lat' dir='ltr'>uocare</span> <span class='ocrx_word' id='word_1_112' title='bbox 1001 1089 1166 1131; x_wconf 92' lang='lat' dir='ltr'>iustos</span> <span class='ocrx_word' id='word_1_113' title='bbox 1213 1089 1296 1131; x_wconf 92' lang='lat' dir='ltr'>sed</span> <span class='ocrx_word' id='word_1_114' title='bbox 1341 1090 1651 1143; x_wconf 85' lang='lat' dir='ltr'>peccatores.</span> 
     </span>
     <span class='ocr_line' id='line_1_16' title="bbox 121 1159 1651 1215; baseline -0.001 -13"><span class='ocrx_word' id='word_1_115' title='bbox 121 1163 234 1203; x_wconf 86' lang='lat' dir='ltr'>orate</span> <span class='ocrx_word' id='word_1_116' title='bbox 278 1173 375 1215; x_wconf 88' lang='lat' dir='ltr'>ergo</span> <span class='ocrx_word' id='word_1_117' title='bbox 421 1173 494 1214; x_wconf 90' lang='lat' dir='ltr'>pro</span> <span class='ocrx_word' id='word_1_118' title='bbox 541 1159 675 1209; x_wconf 84' lang='lat' dir='ltr'>nobis,</span> <span class='ocrx_word' id='word_1_119' title='bbox 723 1162 770 1200; x_wconf 92' lang='lat' dir='ltr'>ut</span> <span class='ocrx_word' id='word_1_120' title='bbox 812 1159 917 1201; x_wconf 87' lang='lat' dir='ltr'>iusti</span> <span class='ocrx_word' id='word_1_121' title='bbox 962 1160 1110 1211; x_wconf 88' lang='lat' dir='ltr'>simus,</span> <span class='ocrx_word' id='word_1_122' title='bbox 1156 1160 1268 1214; x_wconf 90' lang='lat' dir='ltr'>quod</span> <span class='ocrx_word' id='word_1_123' title='bbox 1313 1159 1482 1213; x_wconf 87' lang='lat' dir='ltr'>quidem</span> <span class='ocrx_word' id='word_1_124' title='bbox 1526 1160 1651 1201; x_wconf 87' lang='lat' dir='ltr'>homo</span> 
     </span>
     <span class='ocr_line' id='line_1_17' title="bbox 120 1230 1651 1285; baseline -0.001 -12"><span class='ocrx_word' id='word_1_125' title='bbox 120 1244 199 1273; x_wconf 92' lang='lat' dir='ltr'>non</span> <span class='ocrx_word' id='word_1_126' title='bbox 242 1233 396 1285; x_wconf 88' lang='lat' dir='ltr'>potest,</span> <span class='ocrx_word' id='word_1_127' title='bbox 437 1230 520 1272; x_wconf 88' lang='lat' dir='ltr'>nisi</span> <span class='ocrx_word' id='word_1_128' title='bbox 564 1231 674 1273; x_wconf 88' lang='lat' dir='ltr'>norit</span> <span class='ocrx_word' id='word_1_129' title='bbox 718 1233 760 1271; x_wconf 87' lang='lat' dir='ltr'>et</span> <span class='ocrx_word' id='word_1_130' title='bbox 797 1230 916 1282; x_wconf 85' lang='lat' dir='ltr'>uelit,</span> <span class='ocrx_word' id='word_1_131' title='bbox 956 1234 999 1273; x_wconf 93' lang='lat' dir='ltr'>et</span> <span class='ocrx_word' id='word_1_132' title='bbox 1042 1231 1122 1272; x_wconf 87' lang='lat' dir='ltr'>erit</span> <span class='ocrx_word' id='word_1_133' title='bbox 1162 1231 1374 1281; x_wconf 85' lang='lat' dir='ltr'>continuo,</span> <span class='ocrx_word' id='word_1_134' title='bbox 1416 1230 1487 1284; x_wconf 92' lang='lat' dir='ltr'>qui</span> <span class='ocrx_word' id='word_1_135' title='bbox 1531 1231 1651 1285; x_wconf 90' lang='lat' dir='ltr'>plene</span> 
     </span>
     <span class='ocr_line' id='line_1_18' title="bbox 119 1301 1651 1359; baseline -0.001 -14"><span class='ocrx_word' id='word_1_136' title='bbox 119 1303 325 1359; x_wconf 84' lang='lat' dir='ltr'>uoluerit;</span> <span class='ocrx_word' id='word_1_137' title='bbox 364 1302 437 1344; x_wconf 89' lang='lat' dir='ltr'>sed</span> <span class='ocrx_word' id='word_1_138' title='bbox 475 1303 555 1344; x_wconf 84' lang='lat' dir='ltr'>hoc</span> <span class='ocrx_word' id='word_1_139' title='bbox 591 1302 733 1356; x_wconf 88' lang='lat' dir='ltr'>ipsum</span> <span class='ocrx_word' id='word_1_140' title='bbox 770 1302 810 1343; x_wconf 88' lang='lat' dir='ltr'>in</span> <span class='ocrx_word' id='word_1_141' title='bbox 851 1314 898 1343; x_wconf 90' lang='lat' dir='ltr'>eo</span> <span class='ocrx_word' id='word_1_142' title='bbox 938 1315 1018 1344; x_wconf 91' lang='lat' dir='ltr'>non</span> <span class='ocrx_word' id='word_1_143' title='bbox 1059 1302 1150 1351; x_wconf 80' lang='lat' dir='ltr'>erit,</span> <span class='ocrx_word' id='word_1_144' title='bbox 1184 1302 1263 1344; x_wconf 89' lang='lat' dir='ltr'>nisi</span> <span class='ocrx_word' id='word_1_145' title='bbox 1305 1302 1439 1357; x_wconf 85' lang='lat' dir='ltr'>gratia</span> <span class='ocrx_word' id='word_1_146' title='bbox 1477 1301 1651 1355; x_wconf 85' lang='lat' dir='ltr'>spiritus</span> 
     </span>
     <span class='ocr_line' id='line_1_19' title="bbox 121 1373 898 1426; baseline -0.001 -11"><span class='ocrx_word' id='word_1_147' title='bbox 121 1376 292 1416; x_wconf 83' lang='lat' dir='ltr'>sanetur</span> <span class='ocrx_word' id='word_1_148' title='bbox 323 1376 364 1415; x_wconf 93' lang='lat' dir='ltr'>et</span> <span class='ocrx_word' id='word_1_149' title='bbox 399 1373 636 1424; x_wconf 85' lang='lat' dir='ltr'>adiuuetur‚</span> <span class='ocrx_word' id='word_1_150' title='bbox 670 1375 718 1414; x_wconf 92' lang='lat' dir='ltr'>ut</span> <span class='ocrx_word' id='word_1_151' title='bbox 749 1373 898 1426; x_wconf 85' lang='lat' dir='ltr'>possit.</span> 
     </span>
    </p>
   </div>
   <div class='ocr_carea' id='block_1_5' title="bbox 798 1503 977 1547">
    <p class='ocr_par' dir='ltr' id='par_1_5' title="bbox 798 1503 977 1547">
     <span class='ocr_line' id='line_1_20' title="bbox 798 1503 977 1547; baseline -0.017 0"><span class='ocrx_word' id='word_1_152' title='bbox 798 1503 977 1547; x_wconf 87' lang='lat' dir='ltr'>CXLVI.</span> 
     </span>
    </p>
   </div>
   <div class='ocr_carea' id='block_1_6' title="bbox 208 1583 1562 1680">
    <p class='ocr_par' dir='ltr' id='par_1_6' title="bbox 208 1583 1562 1680">
     <span class='ocr_line' id='line_1_21' title="bbox 208 1583 1562 1620; baseline -0.001 -2"><span class='ocrx_word' id='word_1_153' title='bbox 208 1583 401 1619; x_wconf 88' lang='lat' dir='ltr'><strong>DOMINO</strong></span> <span class='ocrx_word' id='word_1_154' title='bbox 429 1584 768 1620; x_wconf 80' lang='lat' dir='ltr'>DILECTISSIMO</span> <span class='ocrx_word' id='word_1_155' title='bbox 795 1585 856 1619; x_wconf 88' lang='grc' dir='ltr'>ΕΤ</span> <span class='ocrx_word' id='word_1_156' title='bbox 882 1583 1357 1620; x_wconf 84' lang='lat' dir='ltr'><strong>DESIDERANTISSIMO</strong></span> <span class='ocrx_word' id='word_1_157' title='bbox 1385 1583 1562 1618; x_wconf 85' lang='lat' dir='ltr'>FRATRI</span> 
     </span>
     <span class='ocr_line' id='line_1_22' title="bbox 327 1642 1435 1680; baseline -0.001 -2"><span class='ocrx_word' id='word_1_158' title='bbox 327 1642 537 1678; x_wconf 83' lang='lat' dir='ltr'>PELAGIO</span> <span class='ocrx_word' id='word_1_159' title='bbox 564 1643 870 1680; x_wconf 75' lang='lat' dir='ltr'>AUGUSTINUS</span> <span class='ocrx_word' id='word_1_160' title='bbox 897 1644 950 1679; x_wconf 90' lang='lat' dir='ltr'>IN</span> <span class='ocrx_word' id='word_1_161' title='bbox 976 1643 1170 1679; x_wconf 87' lang='lat' dir='ltr'>DOMINO</span> <span class='ocrx_word' id='word_1_162' title='bbox 1199 1642 1435 1679; x_wconf 84' lang='lat' dir='ltr'><strong>SALUTEM.</strong></span> 
     </span>
    </p>
   </div>
   <div class='ocr_carea' id='block_1_7' title="bbox 120 1714 1651 1842">
    <p class='ocr_par' dir='ltr' id='par_1_7' title="bbox 120 1714 1651 1842">
     <span class='ocr_line' id='line_1_23' title="bbox 180 1714 1651 1771; baseline 0 -15"><span class='ocrx_word' id='word_1_163' title='bbox 180 1714 346 1757; x_wconf 88' lang='lat' dir='ltr'>Gratias</span> <span class='ocrx_word' id='word_1_164' title='bbox 392 1728 470 1771; x_wconf 87' lang='lat' dir='ltr'>ago</span> <span class='ocrx_word' id='word_1_165' title='bbox 515 1716 757 1770; x_wconf 86' lang='lat' dir='ltr'>plurimum,</span> <span class='ocrx_word' id='word_1_166' title='bbox 805 1716 916 1770; x_wconf 88' lang='lat' dir='ltr'>quod</span> <span class='ocrx_word' id='word_1_167' title='bbox 966 1730 1033 1758; x_wconf 87' lang='lat' dir='ltr'>me</span> <span class='ocrx_word' id='word_1_168' title='bbox 1082 1716 1237 1759; x_wconf 87' lang='lat' dir='ltr'>litteris</span> <span class='ocrx_word' id='word_1_169' title='bbox 1286 1716 1372 1758; x_wconf 88' lang='lat' dir='ltr'>tuis</span> <span class='ocrx_word' id='word_1_170' title='bbox 1426 1715 1651 1757; x_wconf 83' lang='lat' dir='ltr'>exhilarare</span> 
     </span>
     <span class='ocr_line' id='line_1_24' title="bbox 120 1786 1651 1842; baseline 0.001 -15"><span class='ocrx_word' id='word_1_171' title='bbox 120 1786 317 1842; x_wconf 86' lang='lat' dir='ltr'>dignatus</span> <span class='ocrx_word' id='word_1_172' title='bbox 355 1801 399 1829; x_wconf 90' lang='lat' dir='ltr'>es</span> <span class='ocrx_word' id='word_1_173' title='bbox 433 1791 474 1830; x_wconf 89' lang='lat' dir='ltr'>et</span> <span class='ocrx_word' id='word_1_174' title='bbox 506 1790 665 1830; x_wconf 85' lang='lat' dir='ltr'>certum</span> <span class='ocrx_word' id='word_1_175' title='bbox 704 1788 839 1830; x_wconf 85' lang='lat' dir='ltr'>facere</span> <span class='ocrx_word' id='word_1_176' title='bbox 878 1788 927 1830; x_wconf 89' lang='lat' dir='ltr'>de</span> <span class='ocrx_word' id='word_1_177' title='bbox 967 1789 1104 1830; x_wconf 86' lang='lat' dir='ltr'>salute</span> <span class='ocrx_word' id='word_1_178' title='bbox 1142 1790 1298 1831; x_wconf 85' lang='lat' dir='ltr'>uestra.</span> <span class='ocrx_word' id='word_1_179' title='bbox 1336 1787 1543 1828; x_wconf 88' lang='lat' dir='ltr'>retribuat</span> <span class='ocrx_word' id='word_1_180' title='bbox 1573 1787 1651 1828; x_wconf 88' lang='lat' dir='ltr'>tibi</span> 
     </span>
    </p>
   </div>
   <div class='ocr_carea' id='block_1_8' title="bbox 118 1902 1655 2256">
    <p class='ocr_par' dir='ltr' id='par_1_8' title="bbox 118 1902 1655 2256">
     <span class='ocr_line' id='line_1_25' title="bbox 241 1902 1647 1945; baseline 0.001 -9"><span class='ocrx_word' id='word_1_181' title='bbox 241 1903 274 1943; x_wconf 91' lang='grc'>1;</span> <span class='ocrx_word' id='word_1_182' title='bbox 302 1903 323 1936; x_wconf 83' lang='lat'>4</span> <span class='ocrx_word' id='word_1_183' title='bbox 349 1903 478 1939; x_wconf 86' lang='lat' dir='ltr'>Matth.</span> <span class='ocrx_word' id='word_1_184' title='bbox 506 1904 563 1944; x_wconf 84' lang='lat'>26,</span> <span class='ocrx_word' id='word_1_185' title='bbox 589 1905 650 1945; x_wconf 85' lang='lat'>41;</span> <span class='ocrx_word' id='word_1_186' title='bbox 681 1904 787 1939; x_wconf 88' lang='lat' dir='ltr'>Marc.</span> <span class='ocrx_word' id='word_1_187' title='bbox 817 1904 871 1945; x_wconf 87' lang='lat'>14,</span> <span class='ocrx_word' id='word_1_188' title='bbox 898 1904 959 1945; x_wconf 65' lang='lat'>3&amp;</span> <span class='ocrx_word' id='word_1_189' title='bbox 987 1904 1072 1938; x_wconf 87' lang='lat' dir='ltr'>Luc.</span> <span class='ocrx_word' id='word_1_190' title='bbox 1099 1902 1157 1944; x_wconf 79' lang='lat'>22,</span> <span class='ocrx_word' id='word_1_191' title='bbox 1183 1902 1228 1937; x_wconf 82' lang='lat'>46</span> <span class='ocrx_word' id='word_1_192' title='bbox 1316 1902 1337 1937; x_wconf 89' lang='grc'>6</span> <span class='ocrx_word' id='word_1_193' title='bbox 1363 1902 1495 1937; x_wconf 86' lang='lat' dir='ltr'>Matth.</span> <span class='ocrx_word' id='word_1_194' title='bbox 1523 1902 1556 1945; x_wconf 87' lang='lat'>6,</span> <span class='ocrx_word' id='word_1_195' title='bbox 1586 1903 1647 1943; x_wconf 84' lang='lat'>13;</span> 
     </span>
     <span class='ocr_line' id='line_1_26' title="bbox 120 1962 1483 2007; baseline 0 -11"><span class='ocrx_word' id='word_1_196' title='bbox 120 1962 204 1997; x_wconf 88' lang='lat' dir='ltr'>Luc.</span> <span class='ocrx_word' id='word_1_197' title='bbox 234 1963 287 2007; x_wconf 86' lang='lat'>11,</span> <span class='ocrx_word' id='word_1_198' title='bbox 313 1964 335 1997; x_wconf 84' lang='lat'><strong>4</strong></span> <span class='ocrx_word' id='word_1_199' title='bbox 412 1964 450 1998; x_wconf 94' lang='lat'>11</span> <span class='ocrx_word' id='word_1_200' title='bbox 480 1963 609 1998; x_wconf 81' lang='lat' dir='ltr'>Matth.</span> <span class='ocrx_word' id='word_1_201' title='bbox 637 1964 670 2005; x_wconf 88' lang='grc'>9,</span> <span class='ocrx_word' id='word_1_202' title='bbox 700 1964 856 2005; x_wconf 86' lang='grc'><strong>12-13;</strong></span> <span class='ocrx_word' id='word_1_203' title='bbox 884 1964 992 1998; x_wconf 84' lang='lat' dir='ltr'>Marc.</span> <span class='ocrx_word' id='word_1_204' title='bbox 1019 1964 1053 2005; x_wconf 82' lang='lat'>2,</span> <span class='ocrx_word' id='word_1_205' title='bbox 1083 1964 1142 2004; x_wconf 86' lang='lat'>17;</span> <span class='ocrx_word' id='word_1_206' title='bbox 1171 1962 1254 1997; x_wconf 89' lang='lat' dir='ltr'>Luc.</span> <span class='ocrx_word' id='word_1_207' title='bbox 1282 1963 1314 2003; x_wconf 89' lang='lat'>5,</span> <span class='ocrx_word' id='word_1_208' title='bbox 1341 1962 1483 1997; x_wconf 79' lang='lat'>31-32</span> 
     </span>
     <span class='ocr_line' id='line_1_27' title="bbox 170 2033 1649 2081; baseline 0.001 -13"><span class='ocrx_word' id='word_1_209' title='bbox 170 2035 183 2067; x_wconf 96' lang='lat'>1</span> <span class='ocrx_word' id='word_1_210' title='bbox 214 2036 336 2080; x_wconf 85' lang='lat' dir='ltr'>atque]</span> <span class='ocrx_word' id='word_1_211' title='bbox 361 2035 407 2069; x_wconf 77' lang='lat' dir='ltr'>llsl</span> <span class='ocrx_word' id='word_1_212' title='bbox 435 2046 538 2080; x_wconf 86' lang='lat' dir='ltr'>quam</span> <span class='ocrx_word' id='word_1_213' title='bbox 567 2039 655 2077; x_wconf 88' lang='lat' dir='ltr'>(ras.</span> <span class='ocrx_word' id='word_1_214' title='bbox 683 2037 777 2070; x_wconf 80' lang='lat'>1—2</span> <span class='ocrx_word' id='word_1_215' title='bbox 803 2036 842 2078; x_wconf 83' lang='lat' dir='ltr'>l.)</span> <span class='ocrx_word' id='word_1_216' title='bbox 868 2035 904 2069; x_wconf 92' lang='lat' dir='ltr'><em>P</em></span> <span class='ocrx_word' id='word_1_217' title='bbox 998 2034 1146 2081; x_wconf 69' lang='lat' dir='ltr'>indigne</span> <span class='ocrx_word' id='word_1_218' title='bbox 1173 2034 1209 2068; x_wconf 91' lang='lat' dir='ltr'><strong><em>P</em></strong></span> <span class='ocrx_word' id='word_1_219' title='bbox 1233 2033 1331 2080; x_wconf 70' lang='lat' dir='ltr'>indie</span> <span class='ocrx_word' id='word_1_220' title='bbox 1351 2033 1401 2067; x_wconf 90' lang='lat' dir='ltr'><strong><em>M</em></strong></span> <span class='ocrx_word' id='word_1_221' title='bbox 1465 2034 1486 2068; x_wconf 92' lang='lat'><strong>3</strong></span> <span class='ocrx_word' id='word_1_222' title='bbox 1513 2037 1649 2079; x_wconf 75' lang='lat' dir='ltr'>aperta.</span> 
     </span>
     <span class='ocr_line' id='line_1_28' title="bbox 118 2093 1655 2138; baseline 0.001 -12"><span class='ocrx_word' id='word_1_223' title='bbox 118 2102 210 2127; x_wconf 83' lang='lat' dir='ltr'>corr.</span> <span class='ocrx_word' id='word_1_224' title='bbox 238 2096 360 2138; x_wconf 86' lang='lat' dir='ltr'>aperte</span> <span class='ocrx_word' id='word_1_225' title='bbox 386 2094 434 2128; x_wconf 88' lang='lat' dir='ltr'><strong><em>M</em></strong></span> <span class='ocrx_word' id='word_1_226' title='bbox 553 2095 734 2129; x_wconf 85' lang='lat' dir='ltr'>sententia</span> <span class='ocrx_word' id='word_1_227' title='bbox 759 2094 808 2128; x_wconf 88' lang='lat' dir='ltr'><strong><em>M</em></strong></span> <span class='ocrx_word' id='word_1_228' title='bbox 880 2094 923 2130; x_wconf 92' lang='lat'>10</span> <span class='ocrx_word' id='word_1_229' title='bbox 950 2105 1050 2129; x_wconf 84' lang='lat' dir='ltr'>orare</span> <span class='ocrx_word' id='word_1_230' title='bbox 1075 2094 1124 2129; x_wconf 90' lang='lat' dir='ltr'><strong><em>M</em></strong></span> <span class='ocrx_word' id='word_1_231' title='bbox 1210 2094 1251 2127; x_wconf 83' lang='lat'>12</span> <span class='ocrx_word' id='word_1_232' title='bbox 1279 2105 1349 2128; x_wconf 89' lang='lat' dir='ltr'>non</span> <span class='ocrx_word' id='word_1_233' title='bbox 1377 2093 1470 2127; x_wconf 86' lang='lat' dir='ltr'>enim</span> <span class='ocrx_word' id='word_1_234' title='bbox 1498 2093 1581 2127; x_wconf 86' lang='lat' dir='ltr'>ueni</span> <span class='ocrx_word' id='word_1_235' title='bbox 1606 2093 1655 2128; x_wconf 90' lang='lat' dir='ltr'><strong><em>M</em></strong></span> 
     </span>
     <span class='ocr_line' id='line_1_29' title="bbox 119 2151 1650 2198; baseline 0.001 -13"><span class='ocrx_word' id='word_1_236' title='bbox 119 2161 184 2186; x_wconf 87' lang='lat' dir='ltr'>sec.</span> <span class='ocrx_word' id='word_1_237' title='bbox 210 2162 303 2187; x_wconf 84' lang='lat' dir='ltr'>sacr.</span> <span class='ocrx_word' id='word_1_238' title='bbox 332 2153 400 2187; x_wconf 84' lang='lat' dir='ltr'>litt.</span> <span class='ocrx_word' id='word_1_239' title='bbox 525 2154 567 2188; x_wconf 89' lang='lat'>13</span> <span class='ocrx_word' id='word_1_240' title='bbox 595 2164 679 2198; x_wconf 86' lang='lat' dir='ltr'>ergo</span> <span class='ocrx_word' id='word_1_241' title='bbox 707 2164 775 2188; x_wconf 90' lang='lat' dir='ltr'>om.</span> <span class='ocrx_word' id='word_1_242' title='bbox 801 2153 837 2187; x_wconf 91' lang='lat' dir='ltr'><em>P</em></span> <span class='ocrx_word' id='word_1_243' title='bbox 931 2153 1149 2187; x_wconf 43' lang='lat' dir='ltr'>iustitsimus</span> <span class='ocrx_word' id='word_1_244' title='bbox 1177 2152 1273 2196; x_wconf 68' lang='lat' dir='ltr'>(fuit</span> <span class='ocrx_word' id='word_1_245' title='bbox 1299 2156 1329 2193; x_wconf 77' lang='lat' dir='ltr'>s)</span> <span class='ocrx_word' id='word_1_246' title='bbox 1357 2151 1397 2186; x_wconf 88' lang='lat' dir='ltr'><em>F</em></span> <span class='ocrx_word' id='word_1_247' title='bbox 1512 2152 1554 2186; x_wconf 87' lang='lat'>14</span> <span class='ocrx_word' id='word_1_248' title='bbox 1580 2152 1650 2186; x_wconf 88' lang='lat' dir='ltr'>nisi</span> 
     </span>
     <span class='ocr_line' id='line_1_30' title="bbox 119 2209 1532 2256; baseline 0.001 -12"><span class='ocrx_word' id='word_1_249' title='bbox 119 2219 188 2244; x_wconf 88' lang='lat' dir='ltr'>om.</span> <span class='ocrx_word' id='word_1_250' title='bbox 213 2209 250 2245; x_wconf 89' lang='lat' dir='ltr'><strong><em>P</em></strong></span> <span class='ocrx_word' id='word_1_251' title='bbox 347 2213 443 2247; x_wconf 90' lang='lat' dir='ltr'>norit</span> <span class='ocrx_word' id='word_1_252' title='bbox 470 2215 506 2246; x_wconf 87' lang='lat' dir='ltr'>et</span> <span class='ocrx_word' id='word_1_253' title='bbox 532 2213 593 2255; x_wconf 87' lang='lat' dir='ltr'>(rit</span> <span class='ocrx_word' id='word_1_254' title='bbox 621 2215 657 2247; x_wconf 94' lang='lat' dir='ltr'>et</span> <span class='ocrx_word' id='word_1_255' title='bbox 682 2224 727 2247; x_wconf 86' lang='lat' dir='ltr'>m.</span> <span class='ocrx_word' id='word_1_256' title='bbox 756 2215 781 2247; x_wconf 84' lang='lat'><em>2</em></span> <span class='ocrx_word' id='word_1_257' title='bbox 806 2213 846 2246; x_wconf 75' lang='lat' dir='ltr'>in</span> <span class='ocrx_word' id='word_1_258' title='bbox 872 2214 961 2255; x_wconf 86' lang='lat' dir='ltr'>ras.)</span> <span class='ocrx_word' id='word_1_259' title='bbox 986 2212 1026 2246; x_wconf 83' lang='lat' dir='ltr'><em>F</em></span> <span class='ocrx_word' id='word_1_260' title='bbox 1049 2212 1142 2246; x_wconf 91' lang='lat' dir='ltr'>nolit</span> <span class='ocrx_word' id='word_1_261' title='bbox 1169 2215 1204 2245; x_wconf 84' lang='lat' dir='ltr'>et</span> <span class='ocrx_word' id='word_1_262' title='bbox 1230 2212 1264 2245; x_wconf 82' lang='lat' dir='ltr'><strong><em>A</em></strong></span> <span class='ocrx_word' id='word_1_263' title='bbox 1363 2211 1469 2256; x_wconf 86' lang='lat' dir='ltr'>plane</span> <span class='ocrx_word' id='word_1_264' title='bbox 1495 2210 1532 2245; x_wconf 92' lang='lat' dir='ltr'><strong><em>P</em></strong></span> 
     </span>
    </p>
   </div>
   <div class='ocr_carea' id='block_1_9' title="bbox 261 2281 1648 2564">
    <p class='ocr_par' dir='ltr' id='par_1_9' title="bbox 261 2281 1648 2386">
     <span class='ocr_line' id='line_1_31' title="bbox 261 2281 1648 2327; baseline -0.001 -11"><span class='ocrx_word' id='word_1_265' title='bbox 261 2282 294 2316; x_wconf 91' lang='lat' dir='ltr'><em>L</em></span> <span class='ocrx_word' id='word_1_266' title='bbox 332 2299 375 2312; x_wconf 86' lang='lat'>=</span> <span class='ocrx_word' id='word_1_267' title='bbox 402 2283 478 2318; x_wconf 79' lang='lat' dir='ltr'>cod.</span> <span class='ocrx_word' id='word_1_268' title='bbox 494 2283 776 2318; x_wconf 76' lang='lat' dir='ltr'>Laurentianus</span> <span class='ocrx_word' id='word_1_269' title='bbox 790 2283 843 2317; x_wconf 77' lang='lat' dir='ltr'>Sc.</span> <span class='ocrx_word' id='word_1_270' title='bbox 861 2282 988 2317; x_wconf 70' lang='lat' dir='ltr'>Crucis</span> <span class='ocrx_word' id='word_1_271' title='bbox 996 2283 1092 2327; x_wconf 79' lang='lat' dir='ltr'>plut.</span> <span class='ocrx_word' id='word_1_272' title='bbox 1106 2283 1146 2317; x_wconf 87' lang='lat' dir='ltr'><em>X</em></span> <span class='ocrx_word' id='word_1_273' title='bbox 1154 2282 1259 2316; x_wconf 94' lang='lat' dir='ltr'><strong><em>VIII</em></strong></span> <span class='ocrx_word' id='word_1_274' title='bbox 1270 2282 1383 2316; x_wconf 76' lang='lat' dir='ltr'>dextr.</span> <span class='ocrx_word' id='word_1_275' title='bbox 1398 2284 1419 2315; x_wconf 83' lang='lat'><strong><em>4</em></strong></span> <span class='ocrx_word' id='word_1_276' title='bbox 1433 2292 1459 2316; x_wconf 87' lang='lat' dir='ltr'>s.</span> <span class='ocrx_word' id='word_1_277' title='bbox 1472 2281 1584 2315; x_wconf 81' lang='lat' dir='ltr'><strong><em>XIII</em></strong></span> <span class='ocrx_word' id='word_1_278' title='bbox 1596 2292 1648 2316; x_wconf 75' lang='lat' dir='ltr'>ex.</span> 
     </span>
     <span class='ocr_line' id='line_1_32' title="bbox 261 2341 1474 2386; baseline -0.001 -10"><span class='ocrx_word' id='word_1_279' title='bbox 261 2341 310 2376; x_wconf 85' lang='lat' dir='ltr'>L¹</span> <span class='ocrx_word' id='word_1_280' title='bbox 331 2359 374 2370; x_wconf 91' lang='lat'><strong><em>=</em></strong></span> <span class='ocrx_word' id='word_1_281' title='bbox 401 2343 478 2377; x_wconf 82' lang='lat' dir='ltr'>cod.</span> <span class='ocrx_word' id='word_1_282' title='bbox 506 2343 788 2377; x_wconf 76' lang='lat' dir='ltr'>Laurentianus</span> <span class='ocrx_word' id='word_1_283' title='bbox 814 2342 868 2379; x_wconf 79' lang='lat' dir='ltr'>St.</span> <span class='ocrx_word' id='word_1_284' title='bbox 898 2343 1026 2377; x_wconf 83' lang='lat' dir='ltr'>Crucis</span> <span class='ocrx_word' id='word_1_285' title='bbox 1045 2342 1142 2386; x_wconf 80' lang='lat' dir='ltr'>plut.</span> <span class='ocrx_word' id='word_1_286' title='bbox 1170 2341 1259 2376; x_wconf 84' lang='lat' dir='ltr'>XII</span> <span class='ocrx_word' id='word_1_287' title='bbox 1285 2344 1308 2376; x_wconf 85' lang='lat'><strong><em>6</em></strong></span> <span class='ocrx_word' id='word_1_288' title='bbox 1332 2353 1359 2377; x_wconf 78' lang='grc' dir='ltr'>ε.</span> <span class='ocrx_word' id='word_1_289' title='bbox 1388 2341 1474 2375; x_wconf 71' lang='grc' dir='ltr'>ΧΓ.</span> 
     </span>
    </p>

    <p class='ocr_par' dir='ltr' id='par_1_10' title="bbox 268 2399 1044 2444">
     <span class='ocr_line' id='line_1_33' title="bbox 268 2399 1044 2444; baseline 0.001 -8"><span class='ocrx_word' id='word_1_290' title='bbox 268 2399 303 2435; x_wconf 94' lang='lat' dir='ltr'><strong><em>U</em></strong></span> <span class='ocrx_word' id='word_1_291' title='bbox 335 2418 377 2430; x_wconf 91' lang='lat'><strong><em>=</em></strong></span> <span class='ocrx_word' id='word_1_292' title='bbox 404 2402 480 2436; x_wconf 81' lang='lat' dir='ltr'>cod.</span> <span class='ocrx_word' id='word_1_293' title='bbox 515 2401 676 2436; x_wconf 80' lang='lat' dir='ltr'>Urbinas</span> <span class='ocrx_word' id='word_1_294' title='bbox 704 2404 755 2436; x_wconf 78' lang='lat'>84</span> <span class='ocrx_word' id='word_1_295' title='bbox 781 2403 876 2444; x_wconf 80' lang='lat'><em>(118)</em></span> <span class='ocrx_word' id='word_1_296' title='bbox 901 2412 929 2436; x_wconf 90' lang='lat' dir='ltr'>s.</span> <span class='ocrx_word' id='word_1_297' title='bbox 957 2401 1044 2437; x_wconf 81' lang='lat' dir='ltr'>XV.</span> 
     </span>
    </p>

    <p class='ocr_par' dir='ltr' id='par_1_11' title="bbox 262 2459 1427 2501">
     <span class='ocr_line' id='line_1_34' title="bbox 262 2459 1427 2501; baseline 0.001 -8"><span class='ocrx_word' id='word_1_298' title='bbox 262 2459 301 2493; x_wconf 89' lang='lat' dir='ltr'><strong><em>F</em></strong></span> <span class='ocrx_word' id='word_1_299' title='bbox 334 2476 377 2490; x_wconf 88' lang='lat'><strong><em>=</em></strong></span> <span class='ocrx_word' id='word_1_300' title='bbox 405 2461 482 2496; x_wconf 84' lang='lat' dir='ltr'>eod.</span> <span class='ocrx_word' id='word_1_301' title='bbox 510 2461 761 2501; x_wconf 61' lang='lat' dir='ltr'>Jv‘aesulanus,</span> <span class='ocrx_word' id='word_1_302' title='bbox 788 2471 887 2495; x_wconf 85' lang='lat' dir='ltr'>nunc</span> <span class='ocrx_word' id='word_1_303' title='bbox 911 2460 1196 2495; x_wconf 70' lang='lat' dir='ltr'>Laurentianus</span> <span class='ocrx_word' id='word_1_304' title='bbox 1223 2461 1262 2494; x_wconf 84' lang='lat' dir='ltr'><em>X</em></span> <span class='ocrx_word' id='word_1_305' title='bbox 1285 2472 1312 2494; x_wconf 83' lang='lat' dir='ltr'>s.</span> <span class='ocrx_word' id='word_1_306' title='bbox 1341 2460 1379 2493; x_wconf 81' lang='lat' dir='ltr'><em>X</em></span> <span class='ocrx_word' id='word_1_307' title='bbox 1389 2459 1427 2494; x_wconf 88' lang='lat' dir='ltr'>V.</span> 
     </span>
    </p>

    <p class='ocr_par' dir='ltr' id='par_1_12' title="bbox 262 2519 1464 2564">
     <span class='ocr_line' id='line_1_35' title="bbox 262 2519 1464 2564; baseline -0.002 -10"><span class='ocrx_word' id='word_1_308' title='bbox 262 2519 312 2553; x_wconf 61' lang='lat'>1⁸¹</span> <span class='ocrx_word' id='word_1_309' title='bbox 333 2536 377 2549; x_wconf 91' lang='lat'>=</span> <span class='ocrx_word' id='word_1_310' title='bbox 404 2520 481 2555; x_wconf 84' lang='lat' dir='ltr'>cod.</span> <span class='ocrx_word' id='word_1_311' title='bbox 508 2520 758 2564; x_wconf 77' lang='lat' dir='ltr'>Faesulanus,</span> <span class='ocrx_word' id='word_1_312' title='bbox 785 2531 885 2555; x_wconf 85' lang='lat' dir='ltr'>nunc</span> <span class='ocrx_word' id='word_1_313' title='bbox 910 2520 1194 2555; x_wconf 76' lang='lat' dir='ltr'>Laurentianus</span> <span class='ocrx_word' id='word_1_314' title='bbox 1220 2520 1300 2554; x_wconf 88' lang='lat' dir='ltr'>XV</span> <span class='ocrx_word' id='word_1_315' title='bbox 1321 2531 1349 2554; x_wconf 89' lang='lat' dir='ltr'>s.</span> <span class='ocrx_word' id='word_1_316' title='bbox 1378 2520 1415 2553; x_wconf 83' lang='lat' dir='ltr'><em>X</em></span> <span class='ocrx_word' id='word_1_317' title='bbox 1425 2519 1464 2552; x_wconf 90' lang='lat' dir='ltr'>V.</span> 
     </span>
    </p>
   </div>
   <div class='ocr_carea' id='block_1_10' title="bbox 121 2590 1647 2753">
    <p class='ocr_par' dir='ltr' id='par_1_13' title="bbox 121 2590 1647 2753">
     <span class='ocr_line' id='line_1_36' title="bbox 238 2590 1647 2637; baseline 0.001 -12"><span class='ocrx_word' id='word_1_318' title='bbox 238 2590 343 2626; x_wconf 82' lang='lat' dir='ltr'>Haec</span> <span class='ocrx_word' id='word_1_319' title='bbox 376 2592 535 2635; x_wconf 76' lang='lat' dir='ltr'>epistula</span> <span class='ocrx_word' id='word_1_320' title='bbox 567 2603 610 2627; x_wconf 72' lang='lat' dir='ltr'>ex</span> <span class='ocrx_word' id='word_1_321' title='bbox 642 2594 735 2637; x_wconf 74' lang='lat' dir='ltr'>Auy.</span> <span class='ocrx_word' id='word_1_322' title='bbox 762 2593 855 2627; x_wconf 77' lang='lat' dir='ltr'>libro</span> <span class='ocrx_word' id='word_1_323' title='bbox 889 2592 932 2627; x_wconf 83' lang='lat' dir='ltr'>de</span> <span class='ocrx_word' id='word_1_324' title='bbox 960 2593 1070 2637; x_wconf 63' lang='lat' dir='ltr'>flesti-s·</span> <span class='ocrx_word' id='word_1_325' title='bbox 1107 2592 1254 2637; x_wconf 75' lang='lat' dir='ltr'>Pelayii</span> <span class='ocrx_word' id='word_1_326' title='bbox 1291 2595 1333 2633; x_wconf 84' lang='lat' dir='ltr'>(c.</span> <span class='ocrx_word' id='word_1_327' title='bbox 1375 2590 1543 2624; x_wconf 78' lang='lat' dir='ltr'><strong><em>XXVII</em></strong></span> <span class='ocrx_word' id='word_1_328' title='bbox 1581 2592 1647 2626; x_wconf 74' lang='lat'>52,-</span> 
     </span>
     <span class='ocr_line' id='line_1_37' title="bbox 123 2646 1645 2695; baseline 0.001 -14"><span class='ocrx_word' id='word_1_329' title='bbox 123 2646 254 2683; x_wconf 80' lang='lat' dir='ltr'><strong><em>CSEL</em></strong></span> <span class='ocrx_word' id='word_1_330' title='bbox 279 2650 404 2684; x_wconf 90' lang='lat' dir='ltr'><strong><em>XLII</em></strong></span> <span class='ocrx_word' id='word_1_331' title='bbox 426 2650 478 2686; x_wconf 81' lang='lat' dir='ltr'>ed.</span> <span class='ocrx_word' id='word_1_332' title='bbox 514 2650 758 2695; x_wconf 78' lang='lat' dir='ltr'>Vrba-Zycha</span> <span class='ocrx_word' id='word_1_333' title='bbox 779 2663 818 2695; x_wconf 80' lang='lat' dir='ltr'>p.</span> <span class='ocrx_word' id='word_1_334' title='bbox 848 2653 932 2687; x_wconf 84' lang='lat'>105.</span> <span class='ocrx_word' id='word_1_335' title='bbox 960 2653 1141 2691; x_wconf 82' lang='lat'>17—106,</span> <span class='ocrx_word' id='word_1_336' title='bbox 1172 2654 1209 2693; x_wconf 67' lang='lat'>2)</span> <span class='ocrx_word' id='word_1_337' title='bbox 1236 2651 1306 2685; x_wconf 80' lang='lat' dir='ltr'>huc</span> <span class='ocrx_word' id='word_1_338' title='bbox 1332 2650 1519 2684; x_wconf 78' lang='lat' dir='ltr'>translata</span> <span class='ocrx_word' id='word_1_339' title='bbox 1546 2652 1596 2683; x_wconf 84' lang='lat' dir='ltr'>est</span> <span class='ocrx_word' id='word_1_340' title='bbox 1625 2660 1645 2682; x_wconf 83' lang='lat' dir='ltr'><em>a</em></span> 
     </span>
     <span class='ocr_line' id='line_1_38' title="bbox 121 2705 727 2753; baseline 0.007 -12"><span class='ocrx_word' id='word_1_341' title='bbox 121 2705 321 2745; x_wconf 77' lang='lat' dir='ltr'>Maurinis.</span> <span class='ocrx_word' id='word_1_342' title='bbox 348 2711 393 2752; x_wconf 77' lang='lat' dir='ltr'>cf.</span> <span class='ocrx_word' id='word_1_343' title='bbox 420 2720 472 2753; x_wconf 75' lang='lat' dir='ltr'>ep.</span> <span class='ocrx_word' id='word_1_344' title='bbox 502 2709 727 2746; x_wconf 78' lang='lat' dir='ltr'><strong><em>CLXVIII.</em></strong></span> 
     </span>
    </p>
   </div>
   <div class='ocr_carea' id='block_1_11' title="bbox 157 2777 1600 2895">
    <p class='ocr_par' dir='ltr' id='par_1_14' title="bbox 157 2777 1600 2895">
     <span class='ocr_line' id='line_1_39' title="bbox 171 2777 804 2814; baseline 0.006 -4"><span class='ocrx_word' id='word_1_345' title='bbox 171 2777 213 2811; x_wconf 87' lang='lat'>18</span> <span class='ocrx_word' id='word_1_346' title='bbox 239 2777 545 2814; x_wconf 86' lang='lat' dir='ltr'>desideratissimo</span> <span class='ocrx_word' id='word_1_347' title='bbox 571 2779 746 2814; x_wconf 79' lang='lat' dir='ltr'><em>LL¹UF¹</em></span> <span class='ocrx_word' id='word_1_348' title='bbox 774 2792 804 2814; x_wconf 80' lang='lat' dir='ltr'>m</span> 
     </span>
     <span class='ocr_line' id='line_1_40' title="bbox 157 2849 1600 2895; baseline 0.006 -12"><span class='ocrx_word' id='word_1_349' title='bbox 157 2857 331 2887; x_wconf 82' lang='lat' dir='ltr'>xxxxnu</span> <span class='ocrx_word' id='word_1_350' title='bbox 351 2862 428 2893; x_wconf 68' lang='lat' dir='ltr'>Aug.</span> <span class='ocrx_word' id='word_1_351' title='bbox 449 2866 521 2888; x_wconf 72' lang='lat' dir='ltr'>seez.</span> <span class='ocrx_word' id='word_1_352' title='bbox 542 2863 570 2888; x_wconf 92' lang='lat'>11</span> <span class='ocrx_word' id='word_1_353' title='bbox 592 2869 661 2895; x_wconf 65' lang='lat' dir='ltr'>pars</span> <span class='ocrx_word' id='word_1_354' title='bbox 681 2862 707 2887; x_wconf 81' lang='lat'>3.</span> <span class='ocrx_word' id='word_1_355' title='bbox 1557 2849 1600 2882; x_wconf 62' lang='grc'>15</span> 
     </span>
    </p>
   </div>
  </div>
 </body>
</html>
