1924 3122
571 205 925 250 epistularum
965 204 1141 240 CXXXII.
1181 205 1375 240 CXXXIII.
1675 211 1725 251 81

197 348 296 376 cura
328 334 567 384 deduxerat,
602 347 624 375 a
655 336 729 375 tua
761 334 981 376 nobilitate
1015 335 1199 388 comperi
1239 335 1406 377 auditos
1446 338 1488 377 et
1525 336 1730 390 plurimos

197 419 339 447 eorum
373 405 424 446 de
451 404 694 455 homicidio,
723 404 834 459 quod
862 405 901 445 in
929 404 1207 446 Restitutum.
1237 406 1491 448 catholicum
1518 407 1730 461 presbyte-

196 491 301 526 rum,
342 476 658 527 commiserunt?
698 479 739 517 et
779 476 828 517 de
868 476 994 518 caede
1034 477 1280 526 InnocentiL
1321 478 1494 519 alterius
1534 478 1730 520 catholici

196 548 442 602 presbyteri.
470 550 596 601 atque
624 547 673 588 de
701 547 824 589 oculo
853 547 943 588 eius
971 547 1124 588 effosso
1154 549 1196 589 et
1222 547 1355 603 digito
1384 550 1571 602 praeciso
1597 549 1730 591 fuisse

155 634 170 658 5
197 620 424 662 confessos.
457 619 565 660 unde
596 618 701 660 mihi
734 618 977 660 sollicitudo
1011 618 1191 660 maxima
1221 619 1392 660 incussa
1425 622 1502 670 est,
1536 634 1585 661 ne
1624 621 1731 662 forte

139 991 171 1013 111

138 1345 171 1371 15

137 1703 171 1727 20

197 691 437 732 sublimitas
470 692 545 732 tua
577 692 747 732 censeat
779 702 850 731 eos
883 691 1001 731 tanta
1032 690 1178 744 legum
1211 691 1438 733 seueritate
1471 692 1730 744 plectendos,

197 765 257 811 ut,
287 761 426 815 qualia
452 762 653 810 fecerunt,
681 761 783 802 talia
808 761 1035 814 patiantur.
1068 761 1246 815 ideoque
1271 761 1337 803 his
1363 762 1516 803 litteris
1545 763 1734 804 obtestor

196 832 321 874 fidem
355 835 486 882 tuam,
516 846 640 887 quam
672 832 801 873 habes
835 833 875 873 in
906 831 1088 882 Christo,
1117 845 1189 886 per
1220 832 1357 886 ipsius
1391 833 1548 875 domini
1576 834 1731 875 Christi

196 904 540 955 misericordiam,
580 906 629 945 ut
665 903 746 945 hoc
785 916 859 945 nec
892 903 1022 945 facias
1055 915 1130 945 nec
1162 903 1251 945 fieri
1291 905 1456 946 omnino
1497 905 1730 958 permittas.

198 976 393 1029 quamuis
434 975 541 1017 enim
582 975 633 1016 ab
673 988 816 1017 eorum
855 975 1028 1016 interitu
1068 975 1335 1016 dissimulare
1377 988 1620 1030 possumus.
1661 976 1731 1029 qui

196 1059 272 1088 non
309 1046 607 1088 accusantibus
640 1046 794 1088 nostris
829 1046 900 1087 sed
933 1046 1101 1087 illorum
1137 1047 1312 1096 notoria,
1341 1046 1391 1088 ad
1420 1060 1524 1100 quos
1551 1047 1731 1088 tuendae

196 1118 389 1172 publicae
445 1117 559 1172 pacis
615 1117 838 1172 uigilantia
893 1117 1143 1172 pertinebat,
1198 1118 1455 1171 praesentati
1510 1118 1734 1160 uideantur

197 1188 388 1240 examini,
429 1190 626 1230 nolumus
666 1191 804 1230 tamen
845 1189 1065 1243 passiones
1105 1201 1323 1230 seruorum
1364 1190 1429 1231 dei
1474 1190 1594 1243 quasi
1638 1191 1731 1233 uice

196 1261 365 1302 talionis
387 1260 558 1314 paribus
580 1260 802 1315 suppliciis
824 1260 1043 1311 uindicari,
1066 1273 1146 1302 non
1170 1273 1251 1314 quo
1276 1260 1468 1303 scelestis
1490 1261 1732 1304 hominibus

197 1332 409 1374 licentiam
437 1332 670 1373 facinorum
702 1332 1000 1386 prohibeamus
1035 1332 1203 1381 auferri,
1232 1332 1305 1374 sed
1338 1332 1415 1373 hoc
1448 1334 1583 1387 magis
1618 1333 1730 1374 suffi-

198 1416 288 1444 cere
323 1403 535 1452 uolumus,
569 1405 617 1445 ut
647 1403 738 1444 uiui
772 1406 813 1444 et
845 1403 962 1444 nulla
996 1403 1181 1456 corporis
1215 1406 1330 1457 parte
1364 1404 1545 1444 truncati
1579 1404 1649 1445 uel
1681 1404 1730 1445 ab

196 1474 487 1528 inquietudine
530 1475 675 1516 insana
726 1474 776 1515 ad
828 1474 1020 1516 sanitatis
1073 1474 1206 1515 otium
1256 1474 1400 1527 legum
1453 1474 1730 1516 cohercitione

197 1545 429 1600 dirigantur
454 1547 523 1587 uel
551 1559 573 1587 a
593 1546 791 1600 malignis
820 1546 1015 1599 operibus
1043 1546 1170 1587 alicui
1197 1546 1291 1587 utili
1320 1546 1434 1599 operi
1461 1546 1728 1600 deputentur.

196 1620 374 1658 uocatur
417 1617 586 1670 quidem
632 1620 673 1658 et
717 1617 800 1658 ista
844 1616 1071 1667 damnatio,
1117 1616 1190 1658 sed
1236 1616 1330 1670 quis
1381 1630 1459 1658 non
1510 1618 1728 1673 intellegat

198 1677 332 1742 inagis
375 1688 628 1730 beneficium
673 1701 798 1742 quam
843 1688 1099 1742 supplicium
1145 1688 1486 1741 nuncupandum,
1529 1689 1603 1729 ubi
1655 1701 1727 1730 nec

197 1758 411 1800 saeuiendi
448 1759 656 1801 relaxetur
693 1759 869 1801 audacia
912 1772 987 1801 nec
1031 1758 1270 1813 paenitendi
1315 1759 1523 1801 medicina
1567 1760 1726 1801 subtra-

196 1829 347 1871 hatur?

246 1980 262 2013 1
295 1979 474 2014 direxerat
500 1979 540 2013 E
610 1978 755 2014 auditus
782 1982 818 2014 et
843 1980 1019 2025 plurimus
1045 1979 1085 2014 F
1107 1979 1250 2014 auditas
1278 1981 1313 2014 et
1340 1980 1514 2025 plurimus
1541 1981 1574 2014 A
1626 1981 1645 2014 2
1673 1992 1726 2015 re-

198 2039 366 2074 stitutum
393 2038 584 2074 inductum
610 2050 653 2073 m.
681 2042 722 2073 ut
747 2039 823 2073 uid.
850 2041 875 2073 2
900 2039 940 2074 E
1033 2040 1054 2073 3
1081 2039 1284 2074 Innocentii
1312 2051 1378 2075 om.
1407 2040 1446 2074 E
1538 2040 1728 2084 presbiteri

199 2098 369 2133 catholici
395 2097 435 2131 E
527 2099 550 2132 4
577 2097 620 2132 de
646 2108 713 2132 om.
742 2097 782 2132 Ε
876 2098 952 2132 eius
969 2099 972 2114 '
990 2098 1066 2132 eius
1092 2099 1128 2133 A
1250 2101 1286 2132 et
1313 2098 1355 2133 de
1383 2098 1500 2143 digito
1526 2097 1575 2132 Pl
1605 2099 1728 2142 flrm

197 2159 218 2191 5
251 2158 403 2192 maxima
435 2156 642 2191 sollicitudo
677 2157 724 2191 M
843 2158 864 2193 6
897 2160 1001 2191 tanta
1032 2157 1153 2203 legum
1185 2158 1379 2192 seueritate
1413 2160 1558 2192 censeat
1596 2170 1655 2192 eos
1695 2159 1731 2191 E

199 2216 217 2249 ’ἲ
245 2216 407 2251 fecerunt
436 2216 524 2251 talia
558 2217 598 2250 in
624 2216 704 2261 fine
728 2228 764 2252 u.
791 2227 858 2251 om.
885 2217 918 2250 A
1088 2217 1222 2251 litteris
1248 2228 1315 2251 om.
1342 2217 1381 2252 E
1528 2218 1548 2251 8
1576 2217 1726 2261 domini]

199 2276 290 2309 enim
318 2276 356 2310 E
462 2276 482 2309 9
510 2286 574 2310 nec
600 2275 728 2320 facias]
756 2287 800 2310 ne
827 2275 938 2310 facias
964 2275 1083 2310 MFA
1193 2287 1236 2310 ne
1263 2276 1351 2314 fieri,
1378 2287 1422 2310 m.
1451 2279 1475 2310 2
1501 2287 1566 2310 nec
1592 2276 1666 2310 fieri
1693 2276 1732 2310 E

201 2335 245 2369 10
271 2334 314 2368 ab
343 2345 383 2369 eo
402 2334 405 2355 ¹
423 2334 573 2369 interitu
598 2334 638 2368 E
772 2334 949 2379 possimus
975 2335 1014 2369 E
1036 2346 1222 2380 possemus
1250 2334 1412 2369 PRP¹T
1434 2335 1555 2378 flrm
1667 2335 1726 2379 qui

199 2394 284 2438 nou]
313 2394 397 2438 quin
426 2393 465 2428 E
566 2394 606 2428 11
636 2394 785 2437 nostris}
814 2393 917 2428 nobis
950 2394 982 2427 T
1126 2395 1268 2428 notaria
1294 2393 1465 2428 MAP¹T
1489 2394 1669 2428 notatorin
1694 2394 1730 2428 R

199 2454 334 2494 notum,
371 2453 413 2487 in
449 2464 560 2498 mary.
600 2465 645 2487 m.
686 2456 727 2487 ut
763 2453 839 2487 uid.
874 2456 899 2487 2
985 2453 1029 2487 ad
1067 2453 1239 2487 noticiam
1268 2453 1306 2486 E
1401 2464 1433 2491 a,
1472 2465 1514 2487 m.
1556 2456 1580 2486 ‚2
1618 2451 1662 2486 ad
1692 2451 1728 2485 P

247 2511 380 2546 tuendo
407 2512 447 2547 F
541 2512 583 2546 12
611 2512 792 2557 uigilanti,
819 2524 863 2547 m.
885 2515 910 2546 2
936 2512 1129 2557 uigilantia
1155 2512 1409 2557 E-uigilentia
1429 2511 1513 2545 MF
1580 2512 1620 2544 14
1649 2511 1724 2544 uin—

201 2569 318 2604 dicare
351 2571 390 2605 E
532 2570 674 2616 celestis
708 2570 748 2604 F
909 2572 950 2606 15
990 2571 1259 2616 prohibeamus]
1298 2583 1367 2605 non
1406 2570 1660 2616 prohibeamus
1693 2569 1731 2602 E

204 2629 245 2663 16
272 2632 372 2674 parte
399 2631 556 2675 corporis
581 2630 703 2664 EMT
819 2631 860 2664 17
888 2630 1089 2666 insania'R
1234 2630 1517 2665 cohercitatione
1544 2630 1578 2663 Α.
1605 2628 1726 2662 coher—

201 2689 301 2724 cione
330 2689 375 2723 P¹
499 2690 541 2723 18
567 2689 782 2734 redigantur
806 2690 845 2724 Ε
987 2701 1007 2724 a
1033 2701 1100 2726 om.
1128 2690 1161 2724 A
1300 2701 1418 2734 opere,
1445 2700 1489 2724 m.
1517 2691 1542 2722 2
1567 2687 1664 2733 operi
1693 2687 1731 2720 Ε

203 2747 246 2781 19
272 2747 334 2781 sed
360 2748 389 2782 si
417 2748 496 2792 quis
521 2749 565 2792 (si
593 2751 686 2792 emp.)
714 2748 747 2783 T
839 2749 884 2783 20
911 2742 1103 2783 noiandum
1131 2748 1179 2782 Ρι
1283 2749 1324 2783 ‘21
1356 2747 1588 2782 subtrahatur
1614 2746 1724 2780 inedi-

203 2807 283 2840 cina
310 2806 345 2840 R
372 2818 404 2840 m

239 2888 406 2914 ΧΧΧΧΠΠ
427 2889 503 2921 Aug.
523 2893 595 2916 nect.
618 2889 646 2915 11
667 2897 734 2922 pars
755 2891 779 2915 ³.
1658 2875 1678 2905 G
