1952 3118
663 259 1012 302 epistularum
1055 259 1263 294 CLXXXIV
1287 261 1323 293 A.
1672 264 1754 304 7:533

228 388 310 441 ipsi
348 387 458 429 male
498 387 681 428 uiuendo
722 387 971 429 addiderunt
1009 389 1060 429 ad
1101 389 1302 444 originale
1340 392 1577 442 peccatum,
1616 394 1758 444 potest

229 472 371 501 eorum
416 458 566 500 merito
619 458 701 499 dici
750 458 791 500 in
836 459 909 500 illa
953 459 1219 502 damnatione
1263 461 1437 502 minima
1480 474 1623 515 poena,
1675 476 1755 504 non

228 536 365 572 tamen
399 530 527 572 nulla.
566 530 759 583 quisquis
799 532 938 571 autem
972 533 1094 583 putat
1132 531 1421 573 diuersitatem
1456 532 1641 574 futuram
1675 547 1754 575 non

229 615 320 644 esse
347 615 589 656 poenarum,
622 601 752 655 legat,
787 601 898 654 quod
933 602 1138 656 scriptum
1172 605 1253 644 est:
1288 603 1628 645 Tolerabilius
1662 606 1755 646 erit

190 682 203 705 ⁵
229 673 468 716 Sodomae
507 673 554 713 in
594 671 672 713 die
707 672 885 713 iudicii
926 685 1067 725 quam
1108 672 1189 714 illi
1232 674 1450 715 ciuitati.
1483 688 1564 716 non
1601 687 1698 729 ergo
1734 688 1755 716 a

228 743 523 797 deceptoribus
550 743 657 784 inter
682 755 857 797 regnum
885 745 926 783 et
953 743 1209 797 supplicium
1242 744 1409 785 medius
1433 745 1554 786 locus
1587 758 1755 798 quaera-

226 818 294 856 tur
331 814 575 861 infantibus,
615 814 689 855 sed
726 816 941 855 transeant
972 827 995 854 a
1028 813 1192 855 diabolo
1232 815 1284 856 ad
1318 814 1547 866 Christum,
1581 816 1657 857 hoc
1691 821 1756 857 est

227 900 248 927 a
275 888 408 927 morte
430 885 481 926 ad
507 885 656 928 uitam.
683 898 731 926 ne
758 886 819 926 ira
851 884 917 927 dei
942 888 1109 926 maneat
1136 898 1262 939 super
1288 899 1379 929 eos:
1409 886 1459 927 ab
1486 886 1563 928 hac
1597 888 1750 941 quippe

226 957 285 998 ira
330 957 396 998 dei
441 969 521 998 non
567 956 718 998 liberat
755 956 836 997 nisi
876 956 1008 1010 gratia
1047 955 1126 997 dei.
1167 956 1267 1009 quid
1307 959 1371 998 est
1410 959 1548 998 autem
1590 957 1649 998 ira
1688 958 1753 998 dei

171 1039 199 1061 1⁰
228 1028 308 1070 nisi
355 1041 377 1069 a
417 1027 493 1070 deo
532 1028 644 1069 iusto
684 1040 817 1081 poena
857 1027 998 1068 debit-a
1035 1029 1160 1080 atque
1205 1027 1422 1069 uindicta?
1466 1041 1599 1081 neque
1644 1029 1753 1069 enim

228 1100 332 1141 deus
377 1100 516 1153 aliqua
563 1099 845 1141 commotione
889 1098 1098 1146 turbatur,
1145 1099 1256 1140 sicut
1299 1099 1495 1140 irascitur
1537 1099 1755 1141 mutabilis

227 1171 411 1219 animus;
458 1170 531 1212 sed
571 1183 631 1219 ea,
672 1183 778 1224 quae
818 1169 973 1211 dicitur
1009 1170 1070 1211 ira
1109 1169 1188 1219 dei,
1230 1170 1334 1211 nihil
1372 1172 1438 1211 est
1477 1170 1590 1211 aliud
1629 1182 1754 1224 quam

227 1242 340 1283 iusta
364 1254 497 1296 poena
524 1241 700 1295 peccati,
734 1253 838 1293 quae
866 1254 945 1282 non
971 1241 1126 1282 mirum
1156 1241 1266 1293 quod
1292 1241 1442 1283 transit
1475 1241 1515 1282 in
1548 1244 1753 1294 posteros.

111 1309 136 1348 3
289 1312 638 1367 Concupiscentia
681 1312 836 1366 quippe
882 1312 1071 1362 carnalis,
1119 1326 1200 1366 qua
1239 1313 1500 1354 seminantur
1538 1316 1580 1354 et
1619 1314 1752 1354 conci-

170 1392 202 1417 15
228 1384 413 1438 piuntur,
458 1397 537 1426 nou
584 1387 672 1425 erat
715 1387 811 1425 ante
854 1386 1075 1437 peccatum
1121 1397 1197 1425 nec
1240 1384 1394 1426 fuisset
1439 1385 1620 1426 omnino.
1673 1384 1754 1426 nisi

229 1456 409 1497 hominis
455 1455 807 1497 inoboedientiam
851 1468 985 1509 poena
1033 1455 1247 1508 reciproca
1291 1455 1415 1496 etiarn
1469 1468 1568 1496 suae
1619 1455 1754 1497 carnis

226 1526 536 1569 inoboedientia
562 1528 818 1580 sequeretur.
851 1539 933 1580 quo
966 1526 1076 1568 malo
1111 1526 1306 1579 quamuis
1338 1526 1443 1567 bene
1475 1528 1621 1567 utatur
1652 1539 1753 1579 nup-

226 1598 380 1640 tiarum
407 1598 578 1646 bonum,
612 1610 691 1639 non
717 1599 856 1639 tamen
886 1598 973 1639 sine
999 1598 1073 1638 illo
1101 1596 1190 1638 fieri
1215 1600 1357 1650 potest
1384 1597 1509 1638 etiam
1537 1596 1753 1650 nuptialis.

225 1669 269 1711 id
318 1672 383 1711 est
429 1669 657 1711 liberorum
707 1668 1056 1722 procreandorum
1108 1681 1236 1710 causa
1278 1668 1422 1709 licitus
1467 1668 1754 1720 honestusque

165 1750 199 1774 20
226 1741 493 1787 concubitus:
523 1740 611 1783 sine
638 1740 712 1782 illo
739 1742 879 1781 autem
908 1739 996 1781 fieri
1023 1742 1182 1793 posset.
1211 1739 1247 1781 si
1275 1739 1456 1780 humana
1481 1739 1521 1780 in
1550 1751 1598 1780 eo
1626 1741 1753 1787 statu,

224 1813 264 1853 in
305 1825 387 1865 quo
426 1811 593 1853 condita
631 1813 708 1861 est,
750 1823 829 1852 non
869 1810 1080 1864 peccando
1121 1812 1269 1851 natura
1302 1810 1543 1852 mansisset.
1583 1812 1756 1864 possent

224 1883 333 1925 enim
372 1883 560 1924 membra
599 1883 724 1924 etiam
761 1882 961 1937 genitalia
1000 1882 1112 1923 sicut
1145 1884 1282 1923 cetera
1315 1881 1367 1922 ad
1401 1894 1506 1934 opus
1538 1880 1753 1934 proprium

224 1954 506 2009 peragendum
540 1956 644 1995 nutu
677 1953 912 1996 uoluntatis
946 1953 1122 2003 moueri,
1156 1965 1235 1994 non
1271 1955 1390 1994 aestu
1423 1952 1612 1993 libidinis
1648 1953 1754 1993 exci-

225 2026 317 2068 tari.
351 2038 445 2067 nam
485 2025 578 2079 quis
618 2027 744 2079 neget
773 2024 848 2065 illa
881 2023 946 2066 dei
978 2024 1126 2066 uerba:
1169 2023 1396 2065 Crescite
1431 2026 1479 2065 et
1509 2023 1752 2076 multipli-

165 2107 198 2132 ‘25
226 2096 405 2138 camini
456 2109 535 2137 non
586 2096 926 2137 maledictionem
977 2098 1247 2148 peccatorum
1299 2094 1372 2136 sed
1418 2093 1751 2135 benedictionem

225 2167 356 2208 fuisse
388 2167 658 2220 nuptiarum?
696 2179 768 2220 per
798 2167 905 2208 hanc
937 2179 1034 2220 ergo
1069 2166 1456 2219 concupiscentiam
1490 2165 1587 2218 quia
1620 2177 1753 2217 neque

226 2238 457 2280 seminatus
502 2251 637 2291 neque
682 2240 910 2291 conceptus
951 2239 1016 2279 est
1056 2236 1264 2280 Christus.
1305 2236 1502 2289 quoniam
1545 2248 1588 2277 se
1628 2236 1751 2289 longe

226 2309 347 2351 aliter
366 2309 514 2351 habuit
532 2309 709 2363 uirginis
730 2313 890 2363 partus,
911 2321 984 2362 per
1003 2308 1122 2352 hanc.
1150 2308 1337 2362 inquam.
1366 2305 1750 2359 concupiscentiam

229 2381 426 2434 quicquid
453 2381 669 2422 hominum
692 2381 935 2423 seminatur.
958 2379 1207 2433 concipitur,
1236 2379 1435 2426 nascitur,
1464 2390 1513 2418 ne
1540 2376 1750 2429 puniatur.

345 2555 366 2587 4
393 2553 523 2588 matth.
553 2554 606 2596 10,
636 2554 694 2589 152:
725 2554 778 2591 11,
805 2554 850 2587 24
925 2554 943 2587 7
973 2552 1049 2587 Ioh.
1076 2554 1109 2593 5,
1137 2552 1199 2595 243
1226 2553 1258 2589 3.
1286 2552 1330 2586 :36
1405 2552 1449 2584 24
1477 2549 1565 2584 Gen.
1598 2550 1625 2584 l.
1654 2550 1696 2582 22¹

278 2671 296 2703 7
323 2672 494 2710 transeat,
520 2681 564 2703 m.
593 2672 610 2703 1
635 2681 726 2705 corr.
753 2672 941 2704 transeant
970 2670 1002 2703 G
1134 2668 1176 2703 10
1202 2667 1390 2702 uindincta
1417 2670 1527 2710 (post.
1556 2677 1575 2699 n
1605 2665 1687 2703 del.)
1718 2666 1748 2698 G

234 2730 274 2763 13
299 2729 430 2763 transit
457 2728 552 2773 quod
577 2729 692 2773 ,siquis
718 2739 807 2763 corr.
838 2728 871 2762 G
1019 2728 1060 2762 18
1088 2727 1149 2761 illo
1176 2738 1219 2761 ea:
1245 2738 1331 2767 ras,
1354 2726 1475 2769 fuisse
1507 2724 1580 2758 uid.
1615 2724 1686 2758 ullo
1717 2725 1748 2759 (ι’

235 2790 275 2822 19
301 2787 602 2832 procurandorum
629 2787 707 2821 edd.
829 2786 874 2821 20
902 2790 964 2821 aut
988 2786 1051 2821 illo
1078 2787 1192 2830 siquis
1219 2798 1261 2819 m.
1292 2788 1308 2818 1
1334 2795 1423 2819 corr.
1455 2784 1487 2817 G
1609 2784 1653 2817 26
1680 2794 1749 2827 qua

232 2848 323 2882 coni.
350 2847 466 2881 Mart.
541 2847 585 2881 28
612 2849 728 2891 patus.
755 2858 799 2880 m.
828 2849 845 2879 1
870 2856 962 2882 corr.
989 2848 1112 2891 pmtus
1142 2845 1174 2879 G
1249 2846 1293 2878 29
1321 2847 1356 2877 et
1382 2843 1541 2877 nascitur
1566 2842 1682 2886 Meyn-
