1924 3122
86 806 139 847 12

143 965 175 988 10

144 1319 176 1345 15

665 182 1017 226 epistularum
1057 181 1265 218 CXXXVII.
1649 185 1728 224 111

200 311 407 352 iubemur.
442 309 478 351 si
510 311 649 351 autem
684 312 910 363 utrumque
944 311 1063 352 nobis
1097 311 1253 364 pariter
1277 312 1537 365 inexpertum
1566 312 1732 354 creden-

202 382 302 423 dum
334 380 656 434 praeciperetur,
690 380 791 434 quid
823 381 972 423 horum
1006 381 1132 424 citius
1167 382 1465 424 crederemus?
1500 395 1580 436 quo
1608 383 1732 425 modo

201 465 281 494 non
313 453 541 493 fateremur
572 451 654 493 duo
686 451 931 505 incorporea
969 466 1094 506 quam
1134 466 1263 494 unum
1302 454 1593 507 incorporeum
1633 454 1731 495 alte—

200 536 378 577 rumque
423 535 669 576 corporeum
713 523 879 565 facilius
924 524 1117 577 potuisse
1161 524 1343 573 misceri7
1389 525 1423 566 si
1469 527 1608 566 tamen
1652 538 1732 567 non

201 595 370 648 indigne
421 594 470 635 ad
520 594 603 636 ista
651 594 864 636 mixtionis
914 595 985 636 uel
1034 595 1238 637 mixturae
1289 608 1439 637 nomen
1495 596 1735 638 admittitur

201 668 371 720 propter
420 665 770 707 consuetudinem
820 665 1099 719 corporalium
1147 679 1286 707 rerum
1336 667 1461 720 longe
1512 667 1633 708 aliter
1689 679 1733 708 se

201 736 444 778 habentium
478 737 680 790 aliterque
713 739 934 778 natarum?

262 808 446 849 Verbum
497 808 628 863 igitur
679 808 744 849 dei
794 808 990 861 idemque
1042 808 1108 850 dei
1158 808 1271 849 filius
1323 808 1432 862 patri
1489 811 1734 850 coaeternus

203 879 430 932 eademque
469 880 605 920 uirtus
651 882 693 920 et
742 879 948 932 sapientia
992 879 1059 921 dei
1104 892 1127 921 a
1171 892 1352 933 superno
1398 880 1477 920 fine
1521 882 1734 921 creaturae

201 950 416 992 rationalis
479 962 613 1004 usque
677 950 728 992 ad
790 951 980 991 infimum
1041 950 1165 991 finem
1229 953 1442 992 creaturae
1506 951 1734 1004 corporalis

201 1021 421 1075 adtingens
483 1022 647 1064 fortiter
708 1024 750 1063 et
806 1021 1030 1075 disponens
1095 1021 1235 1063 omnia
1292 1022 1481 1063 suauiter
1538 1035 1734 1076 praesens

201 1096 243 1134 et
290 1093 424 1134 latens
481 1106 689 1146 nusquam
746 1094 959 1143 conclusa,
1016 1106 1225 1146 nusquam
1281 1093 1475 1141 discissa,
1527 1106 1734 1146 nusquam

200 1163 364 1205 tumida
402 1164 475 1205 sed
514 1165 602 1205 sine
641 1165 752 1205 mole
790 1164 948 1217 ubique
981 1166 1070 1205 tota
1107 1164 1232 1219 longe
1272 1165 1353 1206 alio
1397 1165 1520 1207 modo
1554 1165 1734 1218 quodam

202 1248 325 1287 qnam
360 1248 422 1285 eo,
455 1248 537 1288 quo
570 1235 772 1277 creaturis
805 1235 955 1277 ceteris
988 1235 1120 1285 adest,
1150 1236 1339 1288 suscepit
1364 1236 1576 1277 hominem
1605 1248 1734 1288 seque

203 1309 244 1347 et
275 1306 348 1348 illo
382 1306 478 1347 fecit
514 1320 644 1348 unum
677 1307 818 1348 Iesum
854 1306 1083 1356 Christum,
1116 1307 1389 1348 mediatorem
1425 1307 1491 1348 dei
1524 1310 1566 1348 et
1604 1307 1736 1348 homi—

203 1391 314 1427 num,
354 1377 571 1430 aequalem
610 1377 716 1432 patri
756 1378 986 1419 secundum
1031 1378 1298 1420 diuinitatem
1343 1379 1547 1419 minorem
1593 1380 1733 1419 antem

202 1451 319 1501 patre
363 1449 595 1490 secundum
646 1462 825 1499 carnem,
869 1449 948 1491 hoc
1000 1452 1065 1491 est
1114 1450 1347 1491 secundum
1397 1449 1624 1498 hominem,
1672 1449 1732 1490 in-

323 1576 343 1609 9
371 1575 386 1609 Ι
414 1576 492 1610 Cor.
523 1576 552 1619 1,
579 1576 624 1610 24
699 1577 719 1610 9
749 1578 830 1620 Sap.
859 1576 890 1612 8.
922 1577 937 1610 1
1017 1577 1059 1609 15
1086 1576 1102 1610 1
1129 1576 1220 1612 Tim.
1249 1578 1280 1617 2,
1308 1578 1328 1610 5

252 1659 266 1692 1
298 1659 372 1692 utsx'
389 1670 536 1702 rumque
562 1658 598 1692 Β
629 1665 780 1703 utraque
813 1658 904 1693 WH
1045 1658 1282 1704 inexpartum,
1316 1669 1406 1693 corr.
1440 1659 1664 1704 inexpertum
1690 1659 1737 1692 M

203 1718 388 1762 inexperta
420 1717 508 1751 Wll
621 1716 799 1751 credenda
825 1717 1117 1763 praeciperentur
1142 1718 1186 1751 II
1278 1718 1299 1751 3
1325 1718 1523 1752 faceremus
1552 1721 1682 1761 (postr.
1712 1717 1734 1751 l.

204 1778 243 1811 in
269 1788 342 1811 ras.
369 1788 413 1810 m.
440 1779 478 1818 2)
500 1777 535 1809 B
634 1787 804 1820 corporea
823 1776 903 1809 MA
1002 1788 1209 1821 corporeum
1237 1776 1459 1821 alterumque
1486 1777 1733 1820 incorporeum

208 1836 297 1870 Wll
318 1838 539 1880 (corporeum
566 1846 609 1869 ex
635 1846 841 1880 corpoream
868 1847 912 1870 m.
941 1838 978 1877 2)
1006 1835 1125 1869 MAP
1148 1835 1227 1871 edd.
1338 1836 1360 1869 4
1386 1836 1526 1870 misceri
1553 1838 1683 1879 (postr.
1711 1836 1733 1869 l.

201 1896 241 1930 in
267 1906 339 1929 ras.
366 1907 410 1929 m.
438 1898 469 1935 1)
497 1894 545 1928 Ρ1
571 1895 718 1929 miscere
746 1895 782 1929 A
927 1895 974 1928 sit
1000 1897 1029 1937 (t
1055 1898 1148 1939 emp.)
1180 1895 1212 1928 T
1331 1896 1352 1929 5
1385 1895 1456 1929 ista
1481 1895 1666 1928 mixtionis
1694 1894 1734 1928 Κ

202 1954 298 1989 istud
314 1954 495 1988 mixtionis
510 1954 548 1988 D
562 1954 669 1988 istam
690 1954 898 1988 mixtionem
919 1953 1010 1988 Wll
1024 1958 1082 1987 (m.
1101 1957 1124 1988 3
1139 1954 1429 1998 conmixtionem)
1481 1956 1500 1988 6
1516 1966 1553 1988 se
1575 1954 1680 1988 aliter
1698 1954 1735 1988 Κ

202 2015 221 2049 7
249 2014 437 2058 aliterque,
458 2025 501 2049 m.
524 2016 547 2047 3
572 2013 754 2047 alteritate
778 2012 819 2046 Il
895 2017 1103 2047 naturarum
1132 2012 1221 2047 WH
1244 2016 1407 2047 notarum
1432 2012 1736 2047 CDBRJIAKP

202 2073 281 2108 edd.
400 2078 420 2107 δ
447 2072 533 2106 «leus
560 2072 603 2106 K
710 2072 891 2117 idemque}
920 2071 1014 2106 idem
1043 2083 1184 2117 quoque
1219 2072 1309 2106 WH
1331 2071 1439 2114 (idem
1467 2083 1510 2106 ea:
1536 2071 1593 2106 ide
1621 2083 1666 2108 m.
1696 2076 1732 2106 21

249 2132 307 2167 dei
334 2143 401 2169 om,
436 2131 515 2165 ΤΡι
601 2131 659 2166 dei
684 2131 778 2165 filius
805 2143 871 2167 om.
907 2131 996 2166 WH
1018 2132 1113 2166 filius
1140 2131 1198 2166 dei
1225 2132 1344 2166 ,ΠΛΡ
1429 2137 1658 2166 coaeternum
1695 2131 1741 2164 11'

201 2193 223 2226 9
250 2191 460 2236 eademque
491 2191 522 2225 (J
629 2202 649 2224 a
675 2201 829 2235 superna
855 2189 939 2224 sede
967 2193 1151 2225 creaturae
1185 2191 1275 2224 WH
1380 2191 1449 2225 fine
1476 2202 1519 2225 ex
1544 2190 1613 2225 fide
1641 2201 1684 2224 m.
1712 2193 1729 2223 1

201 2262 294 2286 corr.
318 2251 365 2285 M
439 2251 480 2285 10
508 2250 867 2295 usque—corporalis
895 2262 962 2284 om.
996 2249 1046 2284 W
1066 2249 1354 2296 ad—corporalis
1382 2262 1449 2284 om.
1480 2250 1517 2284 H
1607 2249 1652 2284 ad
1679 2250 1735 2283 in-

202 2310 320 2344 fimum
349 2311 417 2343 tine
444 2310 482 2344 D
582 2310 624 2344 12
651 2309 819 2344 conclusa
846 2320 1020 2354 nusquam
1048 2309 1199 2344 discissa
1224 2321 1398 2354 nusquam
1426 2321 1493 2345 om.
1525 2309 1557 2344 T
1665 2309 1736 2342 dis-

203 2379 305 2403 cussa
330 2369 368 2403 D
395 2368 561 2406 dis-cessa.
590 2380 633 2402 m.
662 2370 686 2402 2
712 2368 862 2402 discissa
892 2368 922 2402 G
996 2370 1037 2404 13
1066 2369 1219 2414 quodam
1248 2380 1317 2414 qua
1347 2381 1403 2403 sm.
1434 2372 1458 2402 2
1484 2369 1606 2413 quam)
1634 2380 1674 2401 eo
1701 2368 1738 2401 ll

203 2427 355 2472 quodam
383 2439 487 2472 quam
516 2439 556 2462 ex
583 2439 623 2462 eo
648 2428 678 2461 (J
701 2437 736 2469 <a
756 2429 797 2462 in
818 2439 923 2472 quam
944 2439 987 2462 ex
1006 2431 1114 2472 corr.)
1135 2428 1170 2463 R
1190 2428 1388 2473 quodamq:
1412 2439 1489 2461 mco
1514 2428 1544 2461 T
1597 2427 1638 2460 14
1660 2438 1735 2460 sus-

204 2487 302 2533 cipit,
329 2498 418 2522 corr.
447 2490 505 2530 (m.
534 2486 597 2521 1?.
625 2487 782 2532 suscepit
808 2487 856 2521 M
996 2489 1038 2522 15
1064 2487 1139 2527 illo.
1167 2499 1211 2521 m.
1239 2491 1278 2521 ut
1306 2488 1381 2521 uid.
1411 2491 1428 2521 1
1457 2497 1548 2521 corr.
1577 2486 1675 2519 illum
1709 2487 1738 2520 (ι’

204 2546 239 2580 in
266 2547 327 2580 illo
355 2546 401 2580 M
425 2547 525 2580 illum
554 2546 801 2580 DWHAKP
827 2547 905 2580 edd.
928 2550 1076 2590 praeter
1103 2558 1135 2581 m
1216 2547 1222 2550 “
1275 2547 1466 2580 hominem.
1497 2557 1539 2579 m.
1570 2548 1593 2578 2
1620 2545 1733 2578 Ιιοιιιί-

203 2616 287 2639 num
314 2605 390 2640 HR
457 2606 496 2639 16
525 2606 641 2639 minor
667 2605 702 2640 R
730 2608 789 2647 (m.
818 2609 843 2639 2
869 2606 1054 2653 minorem)
1083 2605 1124 2638 Κ
1218 2608 1338 2639 antem
1366 2616 1432 2638 om.
1467 2603 1516 2637 W
1577 2604 1616 2637 17
1645 2602 1738 2647 patri

211 2664 299 2698 WH
416 2668 490 2699 est·
510 2665 557 2699 M
674 2664 1134 2710 hominem—eundemque
1157 2665 1191 2698 P
1217 2665 1323 2698 habet
1345 2665 1410 2697 lene
1437 2663 1583 2697 ordine.-
1609 2662 1738 2696 diuini·

205 2725 317 2757 tatem
339 2723 525 2768 aequalem
546 2723 639 2768 patri
665 2723 1011 2758 incommutabiliter
1037 2723 1263 2758 inmortalem
1291 2722 1514 2766 enndmuque
1542 2719 1735 2755 secundnm

207 2781 388 2816 bominem
487 2782 820 2817 incommutabilem
850 2782 915 2817 CR
941 2782 1271 2817 incommutabilem
1300 2785 1336 2815 ct
1369 2780 1454 2814 wll
